2656 4440
125 232 165 291 66
575 235 750 290 IVVENALlS

123 408 198 468 haec
221 425 275 486 ego
299 427 361 470 non
386 409 503 469 credam
526 408 676 470 Venusina
700 408 787 488 digna
810 407 954 470 lucerna?

123 493 196 554 haec
220 511 274 571 ego
300 512 360 553 non
384 492 514 572 agitem?
537 495 586 554 sed
611 494 680 572 quid
703 492 817 573 magis?
841 494 997 556 Heracleas

124 585 174 638 aut
196 577 369 639 Diomedeas
390 587 441 639 aut
462 578 608 657 mugitum
631 579 791 658 labyrinthi

124 672 154 724 et
175 681 256 723 mare
278 681 452 742 percussum
475 682 569 743 puero
592 663 768 741 fabrumque
790 663 948 738 volantem,

124 767 191 809 cum
214 747 283 809 leno
306 748 430 827 accipiat
451 749 567 809 moechi
589 748 678 822 bona,
701 749 725 809 si
748 749 884 827 capiendi

123 834 169 894 ius
192 832 305 893 nullum
329 833 424 907 uxori,
448 833 553 894 doctus
575 841 709 913 spectare
732 834 862 907 lacunar,

123 918 228 979 doctus
250 916 336 978 etad
360 918 479 978 calicem
501 918 633 996 vigilanti
655 927 780 980 stertere
803 916 900 979 naso‘l

123 1022 190 1064 cum
213 1004 257 1064 fas
278 1021 342 1064 esse
364 1011 450 1082 putet
472 1021 572 1063 curam
594 1021 714 1082 sperare
738 1002 868 1064 cohortis

123 1089 173 1167 qui
196 1087 274 1149 bona
297 1088 417 1148 donavit
437 1087 630 1167 praesepibus
653 1096 683 1148 et
705 1096 785 1149 caret
807 1088 888 1148 omui

122 1174 268 1234 maiorum
291 1192 393 1247 censu,
417 1171 488 1233 dum
511 1173 643 1252 pervolat
665 1191 718 1232 axe
741 1172 829 1233 citato

122 1258 295 1318 Flaminiam
319 1276 395 1336 puer
417 1255 627 1318 Automedon?
650 1276 718 1318 nam
741 1257 805 1318 lora
826 1257 947 1318 tenebat

123 1344 195 1423 ipse,
218 1344 384 1404 lacernatae
406 1361 473 1403 cum
497 1362 529 1404 se
551 1343 674 1403 iactaret
695 1343 814 1403 amicae.

123 1447 226 1489 nonne
247 1427 320 1489 libet
342 1428 439 1488 medio
462 1446 545 1489 ceras
567 1427 682 1507 inplere
706 1446 828 1507 capaces

124 1513 285 1592 quadrivio,
309 1531 377 1573 cum
401 1512 458 1572 iam
481 1521 561 1574 serta
584 1513 698 1573 cervice
721 1514 833 1573 feratur

122 1598 193 1659 hinc
215 1605 303 1676 atque
325 1596 394 1658 inde
417 1606 523 1677 patens
545 1616 579 1658 ac
602 1599 680 1658 nuda
702 1615 797 1676 paene
824 1597 962 1658 cathedra

123 1690 153 1742 et
174 1683 299 1743 multum
321 1683 456 1743 referens
478 1684 514 1743 de
537 1683 706 1743 Maecenate
728 1681 837 1760 supino

123 1767 255 1846 signator
278 1767 350 1840 falsi,
374 1769 424 1845 qui
448 1787 479 1829 se
501 1768 612 1828 lautum
636 1775 724 1846 atque
746 1765 867 1827 beatum

124 1852 235 1931 exiguis
257 1853 365 1913 tabulis
388 1860 418 1913 et
439 1871 554 1932 gemma
576 1853 680 1913 lecerit
700 1850 779 1913 uda?

124 1938 255 1999 occurrit
276 1946 411 1997 matrona
434 1946 550 2016 potens,
575 1955 650 2015 quae
672 1937 761 1996 molle
785 1936 926 1997 Calenum

122 2033 296 2101 porrectura
319 2023 381 2082 viro
404 2022 509 2083 miscet
529 2021 648 2082 sitiente
670 2022 804 2082 rubetam
1167 2031 1195 2080 ru

210 2196 247 2251 51
273 2193 408 2249 lucernam
430 2193 489 2249 ideo
512 2193 590 2257 dicit,
621 2194 682 2267 quia
711 2193 808 2249 satirici
836 2194 870 2250 ad
892 2193 1011 2248 omnium
1034 2192 1095 2248 vitia
1121 2193 1195 2266 quasi

122 2277 259 2334 lucernam
281 2278 431 2341 admovent,
455 2286 482 2335 et
503 2279 545 2335 vel
567 2280 684 2335 adurunt
705 2278 746 2335 vel
770 2278 917 2335 ostendunt
932 2279 1042 2334 crimina
1058 2294 1127 2351 quae
1142 2294 1195 2333 no-

122 2370 228 2420 verunt.
315 2363 448 2420 Venusina
470 2372 559 2421 autem
581 2364 651 2427 ideo,
675 2364 737 2437 quia
758 2365 824 2421 haec
846 2363 895 2420 luit
917 2363 1008 2419 civitas
1031 2363 1142 2419 Horatii.

201 2442 378 2506 ‘Venusinam
402 2466 416 2506 a
439 2449 554 2506 Venusia
576 2448 623 2506 ubi
644 2448 762 2506 laternae
784 2449 854 2506 leves
881 2447 1008 2512 luerunt,
1037 2456 1068 2504 ut
1090 2446 1196 2504 Probus

121 2533 217 2607 inquit,
242 2551 311 2608 quae
333 2534 451 2590 vilissimi
472 2521 626 2592 veniebant'
656 2533 748 2591 Vallo.
847 2534 886 2591 52
909 2550 1065 2607 persequar,
1088 2543 1120 2590 ut
1134 2534 1196 2588 Vir-

122 2619 200 2692 gilius
223 2618 303 2693 [Aeu.
321 2623 349 2685 5,
367 2619 440 2694 265]
458 2614 605 2695 ‘pallantea
628 2620 711 2675 Troas
733 2605 848 2693 agebat’.
958 2621 996 2677 53
1021 2619 1108 2674 socios
1130 2619 1196 2674 bio-

121 2704 205 2761 medis
226 2706 253 2760 in
276 2722 336 2761 aves
359 2721 514 2762 conversos.
614 2707 652 2763 55
676 2705 699 2759 si
719 2703 873 2760 facultatem
894 2704 1004 2759 maritus
1027 2720 1082 2759 non
1105 2703 1194 2768 habet,

120 2797 153 2845 ut
175 2789 357 2862 deprehendat
378 2790 533 2864 spoliandos
556 2789 708 2855 adulteros,
733 2790 794 2863 quia
817 2797 881 2845 nota
904 2797 946 2845 est
967 2789 1023 2846 eius
1044 2787 1127 2853 fraus,
1151 2798 1195 2845 ta-

121 2890 182 2928 men
207 2875 384 2930 coniventiam
405 2891 480 2930 suam
500 2874 627 2931 adulteris
647 2874 747 2930 vendit.
770 2882 798 2931 et
819 2873 858 2930 sic
879 2873 1057 2948 intellegitur:
1082 2876 1105 2930 si
1127 2891 1195 2930 uror

122 2958 178 3013 eius
201 2957 259 3014 iure
280 2958 440 3031 impediatur
461 2959 583 3016 adultero
605 2959 760 3022 succedere,
782 2959 840 3034 ipse
861 2959 971 3014 maritus
992 2958 1054 3015 leno
1077 2959 1196 3016 succedit

121 3041 243 3099 adultero
269 3043 362 3107 heres,
391 3053 422 3099 ut
450 3061 499 3116 per
527 3043 760 3100 fideicommissum
786 3061 829 3100 res
857 3043 971 3100 adulteri
992 3045 1025 3100 ad
1048 3044 1195 3101 adulteram

120 3127 238 3184 veniant.
326 3129 364 3186 56
388 3139 419 3183 ut
441 3128 528 3184 carius
550 3128 648 3185 vendat
668 3128 838 3191 adulterium,
863 3146 989 3203 praesens
1011 3139 1062 3186 est.

208 3215 246 3272 58
270 3229 362 3269 curam
384 3229 492 3287 sperare
514 3214 644 3270 cohortis.
666 3214 777 3270 militum
800 3213 976 3271 tribunatum.
1065 3217 1102 3272 59
1126 3230 1195 3288 pro-

120 3305 181 3371 pter
203 3315 287 3372 equos
309 3297 362 3354 hcc
384 3298 448 3355 dixit
470 3307 497 3355 et
520 3316 550 3356 ea
573 3317 602 3356 re
623 3299 756 3357 Neronem
779 3300 870 3374 tangit.
961 3301 998 3357 61
1025 3300 1195 3355 Automedon

120 3400 171 3456 pro
195 3384 297 3458 auriga.
421 3385 460 3441 62
484 3384 598 3442 satirica.
622 3402 683 3440 nam
705 3383 798 3441 habitu
820 3385 887 3440 virili
908 3383 1033 3440 feminam
1056 3383 1194 3440 describit.

209 3472 248 3527 64
271 3468 310 3524 his
333 3468 414 3525 rebus
437 3471 586 3526 concitatus
608 3477 701 3544 posset
723 3477 750 3526 et
771 3469 797 3524 iu
821 3469 928 3544 publico
951 3467 1078 3524 scribere.

122 3553 161 3610 68
184 3551 278 3610 lecerit
299 3555 361 3610 uda.
389 3555 469 3610 saliva
497 3563 565 3612 taeta
595 3564 709 3630 propter
737 3553 866 3628 signaculi
894 3552 1107 3626 impressionem.

123 3640 160 3695 70
186 3637 280 3696 rubeta
303 3656 367 3695 rana
390 3648 439 3703 est,
464 3658 496 3697 ex
517 3642 592 3698 cuius
615 3638 788 3714 pulmonibus
803 3637 844 3695 vel
859 3637 989 3710 sanguine
1004 3636 1034 3694 fit
1050 3655 1193 3696 venenum.

208 3785 400 3838 taberculum
418 3785 518 3853 fecttp
633 3789 664 3840 55
684 3786 718 3837 sit
736 3784 853 3852 capiendi
871 3787 939 3850 Ppr.
1044 3787 1075 3837 63
1095 3783 1193 3837 Nonme

121 3853 187 3916 Ppr.
309 3855 340 3906 bl
360 3854 417 3906 falsi
430 3858 494 3907 Pul
510 3856 628 3919 uidetur,
656 3853 722 3905 salso
738 3869 766 3919 p,
786 3858 843 3904 tum
860 3869 955 3904 rursus
973 3856 1050 3920 apice
1068 3855 1192 3919 imposito

121 3921 247 3971 distincta
265 3921 274 3971 i
292 3927 337 3972 eet.
374 3922 480 3990 Signata
499 3923 564 3974 falso
583 3921 725 3973 Meduacus
795 3923 827 3975 68
846 3921 976 3988 ieceralp
1056 3923 1088 3974 69
1107 3936 1195 3973 occur·

120 3991 160 4039 rat
178 3989 350 4041 Heinmcdiua
420 3995 453 4044 'lb
470 3991 562 4043 rubeta
580 3992 609 4054 P,
628 3990 753 4042 lineolam
771 3991 935 4056 superducit
951 3995 1005 4042 ium
1023 3991 1046 4042 P
1063 3992 1160 4058 opinor
