2656 4440
589 239 722 293 SATVRA
739 240 761 294 ll

131 413 168 473 da
190 431 283 490 pecus
306 421 335 474 et
356 411 496 492 gregibus
517 406 630 474 letum'.
668 433 739 493 quo,
761 413 897 493 pessime,
919 422 1019 493 pacto,

131 507 177 559 tot
198 497 251 559 tibi
274 515 342 559 cum
364 498 395 558 in
419 496 543 560 flammis
565 499 698 559 iunicum
721 509 839 561 omenta
861 498 1049 578 liquescant

132 593 162 644 et
184 592 283 644 tamen
306 583 357 645 bic
379 583 453 644 extis
476 591 505 643 et
527 583 627 663 opimo
649 584 769 645 vincere
792 586 867 645 lerto

131 668 276 729 intendit:
296 661 368 729 ‘iam
390 668 498 729 crescit
519 686 598 748 ager,
621 669 679 730 iam
702 669 808 731 crescit
830 669 913 742 ovile,

130 755 190 815 iam
213 753 337 829 dabitur,
361 754 419 815 iam
442 746 507 813 iam'
532 754 694 815 -donec
717 754 858 834 deceptus
880 762 910 815 et
932 772 1038 834 exspes
1182 766 1212 816 to

130 839 313 918 nequiquam
336 838 429 899 lunda
452 839 581 918 suspiret
602 857 742 901 nummus
765 839 796 900 in
819 839 888 900 imo.

174 925 199 986 si
220 922 275 985 tibi
298 932 428 985 crateras
450 923 564 1002 argenti
587 923 750 1004 incusaque
773 924 877 1005 pingui

131 1026 205 1071 auro
227 1010 305 1070 dona
327 1010 431 1083 leram,
453 1009 541 1070 sudes
563 1018 592 1069 et
613 1019 735 1090 pectore
756 1010 839 1070 laevo

131 1095 261 1155 excutiat
282 1102 381 1174 guttas
402 1093 504 1154 laetari
525 1095 749 1174 praetrepidum
772 1112 833 1156 cor.

130 1180 203 1240 hinc
224 1179 297 1240 illud
319 1178 420 1254 subiit,
442 1196 516 1241 auro
539 1197 638 1241 sacras
661 1180 741 1259 quod
764 1189 848 1241 ovato
1183 1187 1212 1239 55

238 1355 277 1410 47
311 1351 413 1408 iunices
446 1352 573 1409 dicuntur
601 1359 689 1410 aetate
720 1351 858 1410 viridiores
891 1367 1003 1416 vaceae,
1036 1351 1108 1409 inter
1136 1352 1211 1408 vitu-

132 1436 172 1492 las
195 1444 223 1493 et
243 1453 346 1495 vaccas.
368 1437 471 1495 iunices
492 1436 616 1503 feminae,
639 1437 745 1494 iuvenci
765 1436 876 1495 masculi
891 1437 1027 1495 dicuntur.
1104 1445 1210 1494 omenta

130 1530 198 1577 sunt
224 1521 393 1578 membranae
422 1539 490 1597 quae
519 1531 579 1579 exta
607 1523 758 1580 continent.
866 1524 906 1581 48
928 1522 1028 1580 fertum
1056 1539 1143 1596 genus
1170 1529 1213 1578 est

126 1607 206 1680 panis
228 1607 270 1664 vel
292 1606 346 1672 libi,
371 1609 445 1681 quod
469 1607 517 1665 diis
532 1607 648 1665 infertur
669 1625 689 1686 a
704 1607 876 1682 pontificibus
898 1608 926 1664 in
947 1606 1085 1664 sacrificio.
1109 1607 1211 1664 dictum

128 1700 220 1749 autem
240 1692 341 1750 fertum
363 1709 378 1748 a
399 1692 521 1750 serendo.
565 1693 609 1749 alii
629 1710 675 1750 vas
697 1692 798 1760 dicunt,
821 1692 895 1768 quod
912 1701 1036 1750 ornatum
1051 1692 1131 1749 certis
1145 1709 1211 1767 spe·

129 1776 223 1834 ciebus
244 1777 327 1835 sacris
350 1785 379 1834 et
399 1777 530 1835 refertum
552 1778 601 1835 diis
622 1778 748 1836 infertur.
813 1795 875 1836 enm
890 1776 956 1835 haec
970 1778 1127 1836 clamantem
1143 1777 1210 1834 deus

131 1879 187 1918 non
209 1862 307 1929 audiat,
333 1871 421 1920 tamen
444 1865 646 1938 perseveratio
669 1872 733 1920 roto
756 1872 784 1921 et
804 1862 964 1921 effecturum
985 1880 1014 1920 se
1035 1870 1114 1938 putat
1134 1863 1209 1936 quod

126 1946 249 2021 improbe
271 1947 348 2023 petit,
372 1948 458 2006 donec
481 1949 553 2005 omni
575 1966 606 2005 re
628 1958 788 2024 consumpta
809 1950 842 2006 ad
864 1949 973 2005 unicum
987 1948 1112 2005 redactus
1127 1964 1210 2003 num-

127 2050 216 2098 mum,
248 2050 330 2107 quem
358 2033 385 2089 in
415 2034 542 2091 exhausta
571 2050 632 2091 area
660 2034 717 2091 sine
739 2051 822 2093 censu
843 2035 960 2099 invenit,
990 2032 1210 2108 superstitionem

127 2134 203 2174 suam
224 2135 334 2190 gemens
359 2120 537 2178 excrucietur.
602 2136 658 2176 non
680 2129 767 2176 cessat
788 2120 853 2178 deos
875 2118 1010 2177 sacrificiis
1032 2117 1158 2193 fatigare,
1182 2126 1211 2175 et

126 2204 260 2276 sperando
291 2203 393 2261 divitias
422 2205 527 2263 futuras
555 2221 644 2262 aream
678 2223 754 2262 suam
787 2205 922 2270 exhaurit,
956 2205 1084 2280 quamdiu
1116 2203 1208 2262 nullus

125 2304 252 2345 nummus
273 2289 302 2345 in
324 2288 409 2346 tundo
433 2306 511 2347 arcae
532 2289 660 2364 suspiret.
763 2293 801 2349 50
826 2292 936 2365 decepta
958 2289 1157 2365 exspectatione
1180 2297 1208 2346 et

126 2390 175 2445 spe
197 2373 356 2431 accessionis
379 2392 447 2449 quae
469 2383 540 2441 erat,
573 2376 637 2431 dum
664 2375 780 2449 pecunia
809 2393 895 2450 usque
923 2376 957 2431 ad
985 2374 1108 2431 ultimum
1137 2390 1207 2431 con-

98 2475 100 2478 ·
125 2466 233 2531 sumpta
254 2476 393 2515 nummum
415 2477 470 2516 non
493 2459 642 2531 deiecerat,
671 2459 790 2534 positum
811 2460 840 2516 in
861 2459 930 2525 imo,
959 2458 987 2514 id
1010 2467 1052 2516 est
1071 2459 1099 2515 in
1120 2457 1206 2514 tundo

127 2557 220 2607 arcae,
245 2542 344 2599 trustra
366 2544 416 2600 iam
440 2544 541 2616 gemitu
563 2551 591 2600 et
612 2544 729 2617 suspirio
751 2552 935 2618 prosequente
956 2543 1062 2616 parium
1083 2559 1206 2599 suorum.

127 2633 175 2682 aut
196 2636 269 2684 certe
291 2628 348 2701 ipse
369 2629 500 2702 suspiret,
525 2627 587 2701 quia
609 2626 674 2683 nihil
696 2627 818 2684 videtin
838 2629 893 2692 imo
916 2627 1001 2683 lundo
1024 2643 1204 2692 nummorum,

126 2710 256 2785 tropicos,
278 2720 310 2769 ut
331 2711 368 2788 [o.
393 2711 422 2786 5]
442 2702 534 2770 ‘tacita
554 2711 648 2770 libabit
668 2698 771 2769 acerra’
796 2730 847 2787 pro
868 2713 927 2788 ipse
948 2711 1056 2770 tacitus.

214 2799 252 2856 52
289 2798 382 2855 ineusa
419 2797 483 2856 dicit
514 2797 628 2863 caelata,
665 2798 739 2855 unde
770 2797 847 2855 incus
881 2797 990 2864 dicitur,
1024 2814 1039 2853 a
1071 2798 1206 2855 eudendo.

214 2885 251 2941 53
275 2883 335 2940 ideo
358 2882 433 2942 laevo
456 2884 521 2940 dixit
541 2894 667 2958 pectore,
698 2884 762 2958 quia
788 2883 816 2940 in
845 2891 924 2959 parte
950 2883 1058 2940 sinistra
1085 2884 1206 2958 pectoris

126 2985 173 3025 eor
196 2967 334 3026 habemus.
379 2978 411 3027 ut
430 2968 561 3027 luvenalis
583 2968 623 3045 [7,
644 2968 714 3042 158]
732 2959 826 3044 ‘culpa
847 2969 968 3028 docentis
991 2968 1091 3027 scilicet
1112 2969 1205 3043 argui-

126 3063 179 3118 tur,
207 3055 281 3128 quod
302 3054 374 3112 laeva
394 3056 424 3112 in
444 3064 521 3131 parte
542 3054 673 3112 mamillae
694 3054 733 3111 nil
754 3051 839 3113 salit'.
948 3057 988 3114 54
1010 3055 1101 3112 laetari
1123 3071 1205 3130 prae-

126 3140 270 3212 trepidum.
313 3150 427 3216 propter
449 3142 577 3199 sudorem
599 3158 665 3215 prae
687 3141 784 3215 gaudio
807 3150 899 3199 natum
926 3148 984 3198 toto
1007 3157 1124 3215 corpore
1145 3148 1206 3196 tre-

123 3224 237 3298 pidabis.
281 3226 323 3281 vel
352 3228 426 3300 quod
451 3229 485 3284 ad
516 3225 643 3283 laetitiam
676 3224 793 3284 festinet.
902 3229 941 3286 55
973 3233 1005 3282 ut
1031 3241 1097 3281 auro
1123 3233 1204 3299 putes

124 3310 233 3367 numina
256 3311 391 3374 delectari,
416 3312 488 3387 qnod
511 3320 542 3369 tu
564 3310 666 3384 diligis,
697 3310 787 3368 ethis
808 3311 899 3369 vultus
921 3310 1089 3368 deaurandos
1111 3308 1204 3367 existi-

124 3412 190 3453 mes.
257 3406 345 3462 ovato,
369 3397 424 3454 sive
446 3397 520 3471 quod
538 3413 589 3453 ovo
605 3395 808 3471 perfunduntur
828 3406 941 3462 statuae,
967 3404 999 3453 ut
1020 3395 1126 3451 brattea
1145 3411 1203 3450 me·

123 3479 176 3538 lius
197 3481 377 3549 inhaerescat,
402 3482 458 3540 sive
480 3482 553 3557 quod
575 3480 679 3539 brattea
703 3480 762 3538 talis
784 3489 826 3538 est
852 3482 936 3557 qualis
966 3481 1009 3538 ovi
1037 3479 1202 3545 membrana,

210 3667 242 3717 47
260 3663 371 3716 flammis
388 3666 420 3715 P:
438 3662 555 3714 flammas
574 3668 599 3713 α
673 3663 706 3715 48
725 3664 760 3714 At
777 3669 802 3714 α
871 3662 938 3715 testo
957 3667 982 3712 α
1049 3663 1082 3714 49
1101 3676 1158 3713 aser
1177 3667 1202 3712 α

210 3735 240 3784 51
261 3732 341 3784 tundo
359 3746 479 3784 nummus
497 3731 593 3783 inimo
612 3735 662 3782 aut
677 3730 834 3798 nequiquam
851 3730 869 3782 l.
887 3746 913 3783 n.
931 3730 958 3781 in
975 3730 992 3782 i.
1011 3746 1046 3780 ee·
1062 3731 1201 3796 suspiran-

122 3804 160 3852 tis
173 3817 291 3866 persono
310 3801 360 3851 alii
471 3801 503 3852 52
522 3804 647 3852 creterras
666 3806 690 3850 α
709 3805 832 3851 crateram
850 3797 950 3865 urgenti
969 3797 1072 3850 sudabit
1088 3802 1201 3864 praetre·

122 3868 211 3937 pidum
230 3885 274 3922 cor
290 3868 358 3929 feeit
375 3871 531 3920 Ρήεσίαηαε
545 3884 576 3934 p.
594 3867 645 3921 219
669 3869 717 3919 obi
740 3871 874 3919 creterram
893 3867 960 3917 libor
976 3881 1047 3918 unua
1063 3869 1113 3917 out
1130 3866 1201 3918 alter

209 3938 365 4003 incusasque
382 3938 407 3988 P
421 3937 576 4002 incussaque
593 3952 610 4001 p
748 3937 779 3988 53
802 3936 872 3987 laeto
890 3935 971 3987 Pnel
988 3937 1048 3988 leno
1066 3949 1162 3999 margo
1179 3935 1204 3984 Ρ

210 4007 244 4056 54
265 4004 442 4071 praetepidum
467 4011 492 4055 α
579 4006 611 4058 55
630 4003 701 4056 subit
719 4005 772 4054 αΡ

964 4086 1004 4139 1))
