2656 4440
234 203 274 260 14
720 204 824 258 Pnusu

232 397 324 457 seque
348 377 474 456 aliquem
497 376 631 451 credens,
656 377 727 437 ltalo
750 378 828 456 quod
852 379 967 439 honore
988 378 1115 458 supinus

233 464 357 543 fregerit
378 463 511 524 heminas
533 464 629 523 Arreti
653 462 754 525 aedilis
776 463 902 542 iniquas,
1273 474 1317 526 131

233 567 290 609 111
313 548 364 627 qui
386 548 477 609 abaco
499 566 640 609 numeros
662 558 691 608 et
713 559 794 609 secto
816 549 847 609 in
870 549 990 628 pulvere
1011 556 1105 610 metas

234 635 289 695 scit
310 633 410 695 risisse
430 634 520 707 vafer,
546 634 673 694 multum
694 633 824 711 gaudere
846 644 973 712 paratus,

233 719 258 780 si
280 719 388 799 cynico
411 717 532 779 barbam
555 718 691 798 petulans
715 720 839 780 nonaria
862 719 956 779 vellat.

233 804 279 865 his
301 823 388 864 mane
412 804 550 878 edictum,
573 814 642 883 pust
663 805 785 884 prandia
808 804 973 865 Callirhoen
997 803 1046 864 do.

755 1007 783 1079 11

233 1144 332 1218 Hunc,
354 1143 496 1217 Macrine,
519 1143 595 1204 diem
619 1162 742 1204 numera
764 1143 886 1204 meliore
909 1142 1019 1223 lapillo,

233 1230 283 1309 qui
306 1229 359 1290 tibi
383 1228 512 1290 labentis
533 1238 664 1308 apponet
688 1228 831 1291 candidus
854 1247 958 1289 annos.

232 1409 310 1466 sunt,
340 1409 370 1456 ut
393 1401 441 1457 sist
462 1401 543 1456 homo
565 1401 666 1458 luscus.
712 1402 757 1475 qui
780 1401 885 1476 sapiens
908 1410 964 1464 est,
995 1399 1115 1456 naturale
1137 1398 1233 1455 vitium
1255 1415 1314 1455 non

233 1485 414 1560 reprehendit.
507 1487 563 1545 129
587 1504 637 1544 111
659 1487 721 1542 mihi
743 1486 778 1542 sit
799 1486 913 1551 auditor,
937 1484 983 1559 qui
1004 1502 1034 1542 se
1055 1492 1132 1558 putat
1146 1482 1312 1541 honoratum

235 1571 309 1645 quod
331 1570 430 1626 meruit
452 1570 607 1644 dignitatem
629 1571 774 1628 aediliciam
795 1571 823 1627 in
844 1570 933 1644 aliquo
956 1569 1055 1644 oppido
1071 1568 1161 1626 ltabae
1175 1568 1313 1629 fracturus

235 1653 389 1728 inaequales
410 1672 559 1712 mensuras.
649 1658 705 1715 131
730 1654 948 1712 abacusdicitur
968 1671 1060 1711 mensa
1082 1656 1109 1710 in
1131 1671 1182 1728 qua
1198 1670 1313 1728 geome-

237 1749 294 1797 trae
317 1740 457 1814 dcsignant
477 1739 535 1797 loca
557 1740 599 1798 vel
620 1758 768 1797 mensuras.
858 1741 915 1798 132
938 1739 983 1797 ille
1004 1739 1103 1796 stultus
1117 1747 1227 1814 paratus
1242 1757 1312 1815 gau·

236 1826 315 1890 dere,
346 1825 368 1880 si
390 1825 484 1882 viderit
506 1826 652 1883 meretricis
674 1842 781 1883 manum
804 1824 941 1883 delicatam
964 1823 1117 1898 philosophi
1137 1822 1248 1881 barbam
1270 1834 1312 1885 te·

235 1919 355 1968 nentem.
401 1911 474 1984 quod
496 1911 530 1968 de
552 1912 669 1985 Diogene
691 1913 783 1984 cynico
806 1911 903 1968 dicitur
925 1919 952 1966 et
973 1910 1052 1967 Laide
1074 1909 1224 1966 meretrice.

323 1997 380 2054 133
410 1995 521 2052 nonaria
549 1996 617 2052 dicta
647 2005 688 2052 est
715 1996 856 2060 meretrix,
885 1995 947 2069 quia
974 1996 1045 2068 apud
1077 2004 1180 2051 veteres
1202 2011 1217 2050 a
1239 2011 1313 2053 nona

235 2079 303 2136 hora
323 2079 498 2154 prostabant,
528 2097 564 2136 ne
584 2097 663 2137 mane
692 2081 787 2137 omissa
816 2080 1003 2138 exercitatione
1030 2079 1136 2136 militari
1164 2079 1209 2136 illo
1239 2081 1312 2139 irent

234 2165 431 2222 adulescentes.
521 2168 579 2224 134
602 2165 628 2222 11
652 2183 704 2222 111
725 2165 784 2230 1111,
808 2176 839 2221 11
859 2174 997 2240 praetores
1020 2165 1106 2221 edicta
1123 2175 1313 2239 proponerent

236 2250 318 2308 certis
340 2248 508 2323 temporibus
531 2249 716 2325 compellentia
737 2251 872 2307 debitores
894 2250 1046 2307 satisfacere
1068 2250 1256 2308 creditoribus.

320 2335 381 2392 dem
402 2334 455 2392 illis
478 2337 633 2393 cantandam
656 2337 820 2410 tragoediam
841 2345 938 2411 poetae
959 2335 1096 2392 cuiusdam
1119 2335 1234 2401 indocti,
1265 2337 1313 2413 qtu‘

235 2420 366 2478 Calliroen
389 2420 431 2477 vel
452 2420 567 2496 aliquam
589 2421 725 2479 historiam
753 2421 891 2496 pueribter
918 2431 945 2478 et
971 2421 1079 2477 indocte
1107 2419 1225 2493 scripsit.
1268 2422 1312 2481 vel

233 2517 264 2563 ut
286 2506 328 2563 alii
351 2505 458 2571 dicunt,
482 2507 548 2564 haec
570 2507 682 2565 Calliroe
703 2507 818 2582 nympha
841 2507 892 2563 1111
913 2524 992 2580 quam
1016 2506 1088 2562 Paris
1110 2514 1171 2562 aute
1192 2506 1312 2565 Helenae

233 2601 340 2667 raptum
362 2591 495 2657 habebat,
519 2609 589 2667 quae
611 2594 714 2651 deserta
737 2593 850 2650 multum
873 2592 970 2650 dicitur
991 2591 1065 2664 rupti
1086 2592 1183 2647 amoris
1205 2590 1313 2651 llevisse

235 2678 313 2735 dulce
334 2678 510 2734 consortium.
546 2679 614 2735 hanc
636 2679 799 2736 comoediam
814 2678 922 2735 Asinius
937 2676 1013 2734 Celer
1033 2675 1141 2749 scripsit
1160 2677 1311 2750 pueriliter.

318 2761 382 2817 nolo
405 2779 448 2818 me
468 2763 559 2835 legant
581 2763 769 2827 circulatores,
801 2764 848 2836 qui
876 2779 953 2818 mane
980 2760 1095 2818 edictum
1125 2760 1245 2818 consulis
1268 2763 1312 2822 vel

235 2846 403 2919 imperatoris
425 2847 528 2920 populo
550 2848 672 2910 tacitam,
695 2848 805 2904 meridie
826 2846 892 2903 levia
915 2845 1031 2902 carmina
1053 2845 1155 2903 dicunt.

320 2929 342 2984 ll
368 2933 380 2986 1
406 2930 474 2986 hanc
495 2931 602 2987 satiram
624 2931 657 2987 ad
678 2930 794 2987 Plotium
818 2931 963 2986 hlacrinum
985 2930 1017 2985 de
1040 2929 1109 2986 bona
1132 2935 1313 2991 1111111111-

233 3014 283 3080 bit,
307 3013 493 3088 significatque
515 3031 547 3070 eo
570 3015 611 3071 die
634 3014 751 3071 eiusdem
773 3015 881 3071 hlacrini
903 3014 1017 3070 natalem
1039 3032 1114 3078 esse,
1139 3033 1219 3090 quem
1241 3019 1313 3077 diem

235 3100 350 3156 laetitiae
371 3098 432 3155 albo
455 3099 558 3156 calculo
587 3116 661 3156 more
684 3099 848 3157 Cretensium
876 3100 974 3156 iudicat
1001 3100 1206 3174 assignandum,
1236 3106 1313 3178 quod

236 3185 376 3242 Cretenses
399 3184 557 3241 delinientes
578 3186 657 3240 vitam
680 3201 712 3240 er
733 3184 831 3242 laetitia
854 3194 977 3242 constare
999 3185 1055 3241 dies
1077 3185 1162 3243 laetos
1184 3187 1244 3244 albo
1267 3190 1313 3248 la-

235 3269 300 3345 pillo
324 3280 351 3327 et
373 3271 463 3327 tristes
485 3271 562 3344 nigro
585 3269 750 3335 indicabant,
780 3279 873 3344 postea
902 3280 1028 3344 computu
1058 3270 1129 3327 lacto
1158 3272 1313 3347 lapillorum

235 3354 376 3420 videbant,
407 3364 522 3428 quantos
553 3355 607 3412 dies
636 3355 718 3411 laetos
745 3356 772 3410 in
796 3373 866 3413 anno
889 3356 1017 3421 viderint,
1047 3364 1074 3412 et
1096 3373 1142 3413 eos
1164 3359 1314 3419 revixisse

236 3440 457 3498 testificabantur.
503 3457 564 3496 nam
586 3441 664 3497 etiam
686 3441 713 3496 in
736 3442 838 3498 tumulo
861 3442 998 3499 cuiusdam
1014 3440 1131 3515 [Similis
1147 3444 1226 3515 opud
1239 3444 1313 3503 Dio·

234 3541 297 3580 uem
321 3525 400 3581 Cass.
427 3526 477 3590 69,
503 3523 551 3601 13]
574 3526 608 3582 ita
631 3526 813 3584 scribebatur:
834 3517 910 3583 ‘visit
932 3543 1018 3583 annos
1041 3535 1090 3592 tot,
1114 3527 1219 3585 duravit
1241 3518 1315 3588 tot'.

322 3690 371 3741 129
390 3687 474 3754 Seque
492 3691 524 3740 l':
549 3688 611 3741 Sese
634 3696 657 3740 α
745 3694 793 3745 131
812 3693 874 3744 areti
892 3693 916 3741 P
1001 3694 1047 3745 131
1069 3692 1113 3757 qui
1137 3691 1163 3742 in
1188 3693 1264 3745 abeto
1285 3703 1312 3748 α

320 3757 346 3807 11
365 3772 416 3810 om.
436 3763 459 3807 α
541 3761 589 3810 134
607 3758 727 3823 parandis
746 3766 770 3810 α
856 3760 978 3812 calliroen
995 3761 1020 3811 P
1034 3761 1106 3810 inter
1122 3775 1135 3810 r
1152 3764 1179 3810 et
1196 3775 1212 3812 o
1230 3779 1312 3817 erasa

235 3822 353 3886 fortasse
371 3826 400 3875 h:
419 3823 539 3877 calliroen
559 3826 592 3877 do
611 3842 660 3877 om.
681 3833 704 3877 α

319 3892 340 3944 ll
362 3891 392 3943 ad
412 3890 551 3944 Macrinum
576 3894 608 3945 de
630 3897 698 3946 uitae
722 3895 858 3948 honestate
878 3901 901 3945 α
928 3895 960 3948 11
984 3894 1098 3947 Plotium
1117 3893 1257 3951 Macrinum
1277 3900 1312 3954 de

235 3960 303 4013 bona
321 3967 408 4012 mente
425 3962 448 4009 Ρ
515 3963 529 4013 2
548 3961 612 4022 Quid
631 3970 655 4014 α
725 3965 832 4032 apponit
850 3971 874 4015 α
