2656 4440
579 241 712 295 SATVRA
730 243 753 295 V

125 416 217 490 disce,
241 415 293 475 secl
315 414 358 475 ira
380 415 464 476 cadat
486 433 558 477 naso
582 433 752 494 rugosaque
773 434 877 491 sanna,

127 503 199 564 dum
221 507 334 561 veteres
357 501 434 561 avias
455 499 509 560 tibi
532 500 568 561 de
590 500 733 580 pulmone
756 503 875 563 revello.

127 605 191 648 non
215 585 359 664 praetoris
382 594 446 646 erat
466 584 563 646 stultis
585 587 654 646 dare
676 587 774 647 tenvia
799 605 900 648 rerum

128 671 226 733 officia
249 679 336 750 atque
359 689 445 732 usum
468 671 587 750 rapidae
610 671 782 749 permittere
803 672 896 734 vitae:

127 755 299 818 sambucam
321 756 407 817 eitius
430 756 526 817 caloni
550 757 693 836 aptaveris
716 757 785 818 alto.

126 850 185 904 stat
206 848 310 902 contra
332 842 407 902 ratio
430 849 459 902 et
481 850 625 903 secretam
648 842 741 921 garrit
763 843 792 903 in
817 861 928 914 aurem,

127 948 167 988 ne
189 928 274 988 liceat
297 929 394 987 lacere
417 927 444 988 id
469 927 548 1005 quod
572 927 637 1006 quis
659 926 773 989 vitiabit
795 929 920 1008 agendo.

126 1011 246 1093 publica
269 1012 316 1073 lex
337 1012 492 1073 bominum
516 1021 680 1090 naturaque
703 1013 840 1074 continet
861 1015 919 1075 boc
940 1014 994 1088 fas,

126 1107 160 1159 ut
182 1107 283 1158 teneat
302 1097 408 1158 vetitos
429 1097 544 1159 inscitia
567 1098 672 1159 debilis
693 1107 786 1160 actus.

127 1183 214 1244 diluis
237 1181 410 1255 elleborum,
434 1192 516 1244 certo
540 1201 722 1263 conpescere
744 1191 857 1263 puncto

127 1268 246 1329 nescius
269 1266 415 1329 examen?
439 1276 515 1330 vetat
536 1269 594 1329 hoc
616 1278 722 1329 natura
744 1267 893 1330 medendi.

127 1371 232 1414 navem
255 1353 279 1413 si
303 1362 405 1433 poscat
427 1353 482 1414 sibi
506 1362 668 1432 peronatus
690 1362 789 1414 arator

128 1439 243 1499 luciferi
266 1438 358 1512 rudis,
381 1438 526 1499 exclamet
546 1438 696 1500 Melicerta
720 1439 832 1518 perisse

128 1524 260 1584 frontem
283 1524 319 1584 de
342 1524 440 1585 rebus.
479 1524 531 1584 tibi
554 1532 637 1585 recto
659 1524 757 1585 vivore
779 1523 839 1584 talo

124 1627 173 1670 ars
196 1606 297 1669 dedit?
321 1618 350 1670 et
370 1610 447 1671 veris
469 1609 599 1689 speciem
622 1609 779 1670 dinoscere
802 1609 900 1681 calles,

125 1712 225 1772 nequa
246 1692 403 1755 subaerato
427 1694 602 1755 mendosum
625 1694 733 1754 tinniat
755 1692 848 1755 auro‘l

124 1797 262 1858 quaeque
285 1780 436 1858 sequenda
459 1782 568 1854 iurent,
593 1798 728 1858 quaeque
750 1779 883 1840 evitanda
905 1777 1044 1852 vicissim,

121 1919 191 1992 legis
220 1917 360 1975 consultus
388 1917 449 1974 luit.
477 1917 611 1974 rubricam
639 1927 716 1976 vocat
740 1918 852 1974 minium
875 1934 930 1992 quo
953 1915 1024 1973 tituli
1044 1914 1135 1989 legum
1157 1915 1207 1971 ad-

122 2002 297 2060 notabantur.
386 2005 423 2061 91
449 2003 528 2068 disee,
553 2003 648 2078 inquit,
672 2014 699 2061 et
722 2005 814 2061 desine
835 2005 922 2067 irasci,
946 2019 1000 2077 qno
1012 2001 1122 2077 possim,
1144 2001 1207 2057 dum

123 2088 362 2146 subsannationem
384 2090 521 2162 posueris,
549 2088 632 2145 aniles
654 2086 757 2146 fabulas
781 2106 848 2164 quas
870 2089 967 2154 nutris,
996 2088 1029 2145 de
1052 2087 1104 2144 tuis
1126 2103 1208 2161 prae-

123 2174 222 2231 cordiis
244 2173 391 2231 extrahere.
500 2176 539 2232 95
563 2174 670 2231 calones
693 2174 819 2232 dicuntur
840 2175 967 2231 militares
988 2173 1067 2233 servi.
1152 2171 1207 2228 alto

123 2260 191 2316 dixit
219 2259 291 2333 quod
320 2258 427 2333 proceri
455 2258 592 2332 eliguntur
618 2268 731 2334 propter
752 2259 817 2317 belli
838 2261 1033 2317 necessitatem.
1067 2266 1114 2315 aut
1134 2266 1208 2315 certe

123 2344 179 2401 alto
210 2345 283 2418 quod
311 2343 363 2400 alte
393 2344 549 2417 cinguntur.
586 2353 633 2401 aut
661 2344 715 2401 alto
739 2346 812 2420 qnod
834 2344 944 2419 superbi
965 2352 1039 2401 sunt.
1076 2342 1209 2416 significat

123 2438 212 2485 antem
235 2446 291 2485 rem
312 2429 432 2502 ineptam
454 2428 557 2485 facilius
579 2429 671 2485 doceri
693 2447 774 2504 quam
795 2431 983 2486 neeessariam.
1053 2427 1207 2484 sambucam

123 2531 211 2588 genus
233 2514 298 2587 ligni
320 2512 422 2587 fragilis
444 2514 516 2569 unde
539 2514 615 2588 quasi
637 2513 716 2570 tibiae
738 2524 949 2589 componuntur.
1045 2515 1084 2571 96
1107 2511 1208 2568 resistit

123 2599 208 2664 ratio,
242 2599 269 2655 id
303 2609 345 2656 est
372 2599 515 2674 sapientia,
547 2615 582 2656 ne
609 2597 687 2655 alicui
709 2599 788 2657 liceat
808 2598 874 2655 illud
896 2598 983 2656 iacere
1005 2598 1079 2673 quod
1101 2596 1206 2669 agendo

123 2685 201 2759 peius
223 2684 349 2741 vitiosum
378 2684 484 2742 elfioiat.
575 2687 633 2742 100
657 2700 711 2739 non
735 2686 767 2741 ad
791 2685 933 2749 trutinam,
957 2683 1005 2740 sed
1026 2682 1058 2738 ad
1081 2690 1207 2738 stateram

123 2769 239 2834 rettulit,
263 2787 332 2844 quae
353 2771 462 2844 punctis
485 2779 512 2827 et
533 2769 619 2826 unciis
642 2769 773 2843 signatur.
899 2770 958 2828 103
982 2768 1111 2826 exclamet
1133 2766 1207 2824 lleli·

125 2863 198 2912 oerta
220 2855 324 2912 nullum
346 2872 406 2912 esse
427 2856 567 2929 pudorem,
591 2854 721 2928 templum
744 2855 813 2912 enim
835 2855 947 2930 pudoris
969 2864 1012 2912 est
1033 2853 1119 2910 frons.

210 2940 358 2998 Melicertes
374 2941 440 2997 deus
461 2941 589 3006 marinus,
613 2940 676 2997 lnus
698 2940 768 2998 lilius
790 2940 951 2998 iudeorum
966 2957 1109 2998 numerum
1132 2937 1207 2996 rela-

125 3033 179 3089 tus,
201 3026 248 3098 qui
270 3042 365 3096 graece
379 3031 567 3101 Παλαίμων,
585 3025 666 3084 latine
680 3027 819 3084 Portunus
835 3026 942 3084 dieitur.
1069 3027 1128 3085 104
1143 3025 1206 3082 licet

124 3109 232 3185 possint
262 3111 419 3184 simpliciter
451 3116 483 3167 ad
513 3114 662 3168 Cornutum
697 3112 766 3169 licta
794 3111 928 3185 intellegi,
956 3111 1094 3167 manifeste
1118 3120 1205 3166 tamen

124 3195 258 3252 eironicos
287 3197 320 3252 ad
349 3195 423 3253 illum
456 3197 520 3255 dicit
547 3214 628 3271 quem
651 3197 770 3271 castigat.
904 3199 962 3255 105
986 3196 1022 3252 ita
1044 3194 1155 3251 callidus
1177 3211 1206 3251 es

123 3280 324 3338 similitudinem
352 3282 471 3339 veritatis
499 3298 663 3356 agnoscere,
692 3291 724 3339 nt
751 3298 795 3338 aes
824 3299 891 3339 auro
924 3279 1082 3338 obvolutum
1103 3297 1206 3353 percu-

124 3366 216 3423 tiendo
244 3364 404 3440 intellegas?
434 3367 505 3424 sicut
532 3367 702 3423 nummularii
730 3367 833 3424 iaciunt
861 3369 907 3441 qui
938 3367 1059 3423 nondum
1081 3365 1206 3422 instructi

124 3451 249 3508 denarios
270 3468 336 3508 auro
359 3451 474 3510 inlectos
495 3470 546 3527 pro
569 3469 635 3510 auro
658 3452 809 3526 accipiunt,
839 3453 900 3527 quia
923 3469 1002 3508 usum
1024 3451 1205 3508 dinoscenda-

123 3553 185 3593 rum
208 3553 299 3593 earum
321 3554 412 3594 rerum
434 3555 490 3594 non
512 3538 621 3596 habent.
755 3541 813 3596 107
837 3546 869 3594 ut
891 3537 1016 3594 Horatius
1039 3535 1104 3611 [sot.
1122 3537 1150 3601 2,
1175 3539 1203 3599 3,

212 3668 245 3718 92
264 3667 335 3718 anias
354 3684 389 3718 ecc
406 3668 477 3719 aulas
496 3670 520 3718 P
534 3683 561 3719 se
581 3667 652 3718 abias
671 3674 694 3718 α
713 3667 814 3719 scabies
832 3671 850 3732 ς
937 3669 969 3719 93
989 3667 1037 3718 erit
1057 3674 1080 3718 α
1167 3675 1205 3717 te·

125 3749 177 3785 nua
195 3736 219 3785 P
301 3738 333 3789 et
352 3734 377 3787 id
396 3751 446 3787 om.
466 3743 490 3787 α
560 3736 663 3787 uitiabit
679 3736 816 3800 florilegio
834 3737 962 3786 Parisino
980 3740 1058 3801 (mue.
1076 3736 1151 3786 rltert.
1169 3735 1203 3787 43

122 3819 151 3868 p.
164 3802 237 3866 ieet:
256 3804 359 3856 uitiauit
372 3806 428 3855 aP
496 3807 543 3858 100
561 3803 653 3856 Dilluis
671 3806 695 3855 P
762 3806 810 3855 102
828 3809 966 3870 peronatus
984 3804 1144 3856 rebellior.
1163 3819 1205 3868 ep.

125 3871 156 3922 Il
172 3873 195 3937 i,
216 3873 278 3923 114:
299 3873 462 3938 perocinatus
481 3880 505 3924 α
523 3877 675 3939 perornatus
694 3873 718 3922 P
784 3875 833 3925 103
852 3873 979 3924 exclamat
996 3874 1020 3923 P
1088 3875 1137 3924 104
1149 3871 1204 3923 rebi

125 3947 150 3991 α
225 3942 273 4060 ligi
291 3940 359 3992 ueris
376 3943 409 3992 P:
427 3941 483 3993 ueri
501 3949 525 3992 α
543 3957 603 3992 eum
621 3942 699 3992 libris
716 3942 853 3992 Prisciani
866 3956 895 4006 p.
913 3939 965 3992 433
1034 3941 1202 4008 specimena

213 4011 243 4060 10
280 4023 325 4060 oro
345 4015 367 4058 α
