2656 4440
135 247 175 306 50
620 248 725 301 PERSll

136 420 208 480 dant
229 420 344 500 scopuli
367 429 398 482 et
420 421 510 482 multa
532 421 601 483 litus
623 440 655 482 se
678 422 750 481 valle
773 431 913 501 receptat.

134 504 229 566 Lunai
252 514 381 585 portum,
405 516 449 568 est
472 524 590 587 operae,
613 508 792 587 cognoscite,
816 509 907 569 cives:

134 609 187 650 cor
209 591 292 651 iubet
312 592 370 652 hoo
393 591 482 665 Enni,
504 602 662 671 postquam
685 593 839 653 destertuit
861 612 926 654 esse
1183 603 1210 653 11

134 675 313 751 Maeonides,
337 676 466 747 Quintus
487 696 601 757 pavone
624 697 659 737 ex
682 678 879 757 Pythagoreo.

132 761 180 821 bic
204 779 259 841 ego
281 779 404 823 securus
426 762 503 842 volgi
527 771 556 822 ct
578 763 648 840 quid
671 771 827 842 praeparet
848 772 948 824 auster

132 846 234 906 infelix
257 847 368 926 pecori,
391 865 513 908 securus
535 857 573 921 et,
597 849 723 926 angulus
745 848 794 908 ille

131 931 220 992 vicini
243 939 347 992 nostro
370 933 438 1010 quia
460 932 618 1011 pinguior;
642 934 716 993 etsi
739 932 811 993 adeo
836 951 940 994 omnes

132 1017 279 1078 ditescant
300 1017 359 1077 crti
381 1016 542 1096 peioribus,
569 1036 664 1096 usque
686 1036 821 1078 recusem

132 1119 239 1163 curvus
262 1101 300 1162 ob
323 1102 351 1163 id
375 1102 470 1162 minui
492 1102 575 1163 senio
598 1111 650 1163 aut
671 1121 779 1163 cenare
802 1103 866 1164 sinc
888 1110 980 1163 uncto

132 1194 161 1247 et
183 1187 301 1265 signum
325 1187 354 1247 in
379 1187 481 1267 vapida
505 1205 578 1248 naso
600 1188 732 1267 tetigisse
754 1188 887 1267 lagoena.

131 1272 280 1352 discrepet
301 1272 347 1334 bis
368 1273 451 1333 alius.
496 1273 641 1352 geminos,
664 1274 841 1352 horoscope,
863 1290 933 1332 varo

131 1357 274 1436 producis
295 1357 399 1437 genio:
426 1357 497 1419 solis
520 1357 666 1420 natalibus
689 1365 734 1419 est
757 1359 807 1436 qui

129 1564 199 1620 enim
222 1579 302 1620 naves
323 1562 467 1620 hibernare
489 1561 611 1629 dicimus,
634 1580 695 1620 eum
711 1579 766 1619 non
782 1564 916 1637 navigant,
932 1564 971 1620 sio
986 1572 1013 1620 et
1026 1580 1100 1620 mare
1116 1562 1208 1621 hiber-

129 1665 194 1706 nare
216 1647 336 1715 dicimus,
361 1648 424 1704 dum
446 1665 502 1704 non
525 1648 673 1722 navigatur.
789 1651 807 1707 9
831 1665 847 1704 o
871 1649 949 1714 cives,
973 1649 1206 1724 operaepretium

128 1742 170 1790 est
197 1741 307 1807 portum
335 1735 364 1789 in
391 1734 502 1790 modum
524 1733 605 1790 lunae
626 1733 725 1790 factum
750 1750 925 1807 cognoscere.
968 1735 1053 1791 Lunai
1075 1751 1139 1791 vero
1162 1752 1207 1790 se-

128 1819 246 1875 cundum
274 1818 410 1892 antiquam
442 1817 647 1875 declinationem
675 1818 754 1884 dixit,
784 1830 815 1876 ut
838 1819 969 1893 Vergilius
993 1817 1207 1892 [Α11.7,4641

121 1896 205 1960 ‘lurit
226 1904 299 1961 intus
321 1898 419 1979 aquai'.
509 1906 546 1961 10
569 1903 643 1960 hunc
664 1921 770 1961 versum
792 1906 826 1962 ad
848 1922 927 1962 suum
949 1921 1057 1961 carmen
1079 1905 1112 1962 de
1129 1904 1208 1960 llnnii

127 1987 289 2046 carminibus
318 1987 464 2045 transtulit.
494 1988 590 2045 merito
620 2005 684 2062 ergo
713 1990 750 2046 ait
765 1983 832 2047 ‘cor
856 1989 931 2046 iubet
952 1990 1005 2045 hoc
1026 1989 1103 2055 llnni,
1126 1999 1207 2063 post-

127 2090 207 2148 quam
230 2061 391 2131 destertuit.²
480 2072 519 2129 sic
540 2073 642 2130 Ennius
663 2075 699 2130 ait
721 2075 748 2130 in
771 2073 905 2132 annalium
929 2091 1041 2131 suorum
1062 2075 1205 2148 principio,

126 2151 171 2215 ubi
201 2158 265 2214 dicit
294 2175 324 2214 se
352 2159 447 2215 vidisse
469 2158 496 2213 in
520 2159 622 2215 somnis
643 2159 790 2216 Homerum
812 2161 944 2218 dicentem
966 2158 1050 2217 luisse
1072 2159 1208 2234 quondam

125 2258 265 2316 pavonem,
290 2252 371 2301 etex
393 2261 425 2300 eo
449 2243 601 2300 translatam
625 2245 651 2300 in
675 2262 704 2301 se
725 2246 838 2301 animam
854 2263 921 2311 esse,
941 2245 1090 2301 secundum
1105 2244 1207 2318 Pytha-

124 2344 206 2403 gorae
228 2328 383 2403 philosophi
405 2328 597 2394 definitionem,
620 2330 667 2404 qui
689 2330 753 2387 dicit
768 2332 868 2387 animas
889 2330 1017 2386 humanas
1031 2347 1081 2404 per
1096 2334 1207 2406 παλιγ-

124 2418 268 2489 γενεσίαν
290 2414 319 2470 id
340 2424 381 2472 est
401 2432 451 2489 per
472 2415 594 2472 iteratam
616 2416 816 2488 generationem
839 2425 966 2473 exeuntes
989 2416 1022 2472 de
1045 2414 1206 2489 corporibus

123 2500 151 2556 in
181 2499 229 2556 alia
259 2516 341 2574 posse
372 2516 487 2574 corpora
520 2499 643 2557 introire.
687 2501 747 2557 ideo
776 2500 887 2575 quintus
910 2499 981 2564 dicit,
1012 2509 1126 2574 propter
1147 2517 1206 2557 eam

124 2585 279 2659 opinionem
302 2601 371 2660 quae
393 2585 456 2642 dicit
478 2586 591 2642 animam
607 2585 774 2660 Pythagorae
795 2586 821 2641 11
837 2602 969 2660 pavonem
984 2585 1148 2651 bausiatam,
1173 2585 1206 2641 de

123 2686 227 2744 pavone
249 2688 313 2727 vero
336 2671 369 2728 ad
392 2671 576 2745 Euphorbum,
602 2671 635 2727 de
649 2670 796 2745 Euphorbo
819 2670 852 2727 ad
867 2671 1022 2735 Homerum,
1039 2670 1072 2727 de
1087 2670 1205 2726 Homero

122 2763 213 2812 autem
235 2756 268 2812 ad
292 2756 414 2813 Ennium.
549 2758 586 2814 14
610 2772 660 2812 nec
682 2756 705 2811 si
727 2755 867 2812 humilium
891 2757 945 2812 nati
967 2755 1104 2812 extiterint
1124 2755 1205 2811 loeu-

123 2839 266 2914 pletiores,
300 2841 400 2898 idcirco
430 2842 525 2898 damno
554 2840 699 2898 comminui
725 2850 892 2897 senectutem
915 2840 1073 2897 desiderem.
1116 2838 1205 2896 solent

122 2925 194 2981 enirn
222 2925 273 2980 sibi
302 2935 396 2999 optare
424 2937 539 2984 mortem
561 2925 579 2982 ii
605 2925 651 2998 qui
680 2925 814 2982 minorum
842 2924 1018 2982 substantiam
1047 2924 1205 2982 crementari

122 3011 220 3075 vident,
245 3026 279 3065 ne
301 3027 371 3085 quos
394 3011 520 3078 oderunt,
542 3008 634 3067 felices
656 3009 772 3067 videant.
841 3014 876 3067 17
901 3010 991 3067 solent
1012 3011 1083 3066 avari
1097 3009 1204 3083 signum

122 3097 149 3153 in
172 3095 241 3153 vasis
263 3095 370 3153 vinariis
392 3113 495 3171 ponere
518 3105 545 3153 et
566 3095 604 3151 sic
625 3094 768 3169 diligenter
784 3095 912 3168 aspicere,
937 3105 968 3152 ut
982 3095 1076 3152 oeulos
1091 3095 1204 3169 propius

122 3182 288 3239 admovendo
312 3199 342 3238 ea
364 3199 431 3239 naso
454 3188 574 3255 tangant.
671 3182 707 3240 18
732 3180 869 3237 dissentiat
889 3181 930 3237 his
952 3180 1033 3238 rebus
1056 3198 1071 3236 a
1093 3197 1135 3237 me
1157 3181 1204 3254 qui

121 3267 193 3333 vult,
223 3267 337 3342 prodige
358 3267 399 3324 vel
427 3268 543 3324 tenuiter
564 3264 643 3321 vivat.
730 3265 792 3322 licet
813 3266 965 3340 horoscope
987 3265 1038 3322 sub
1062 3282 1114 3322 una
1137 3265 1203 3321 hora

122 3353 244 3426 geminos
273 3353 423 3427 producas,
455 3349 625 3409 dissimilibus
656 3348 1203 3408 11111111111111111111111111111111

122 3438 202 3495 vitam
227 3437 318 3495 trahis.
408 3440 446 3497 19
469 3437 534 3494 11111
557 3433 698 3491 natalibus.
720 3452 828 3492 avarum
852 3435 991 3510 significat,
1015 3434 1062 3507 qui
1084 3442 1203 3491 tantum·

123 3524 206 3579 modo
230 3523 325 3580 diebus
347 3522 422 3580 lestis
445 3521 533 3579 caules
556 3519 617 3577 oleo
641 3530 738 3577 unctos
760 3531 859 3595 putans
882 3520 988 3577 delicias
1012 3519 1134 3579 comedit.

210 3738 307 3791 9Luni
326 3743 350 3788 α
438 3737 540 3801 portum
560 3743 619 3801 αρε
637 3736 805 3802 praetiuml’
887 3747 1044 3799 cognoscere
1062 3737 1086 3786 P
1171 3739 1200 3790 11

123 3806 214 3874 quinto
237 3807 375 3858 Charisius
388 3820 418 3870 p.
437 3803 472 3855 98
557 3819 692 3871 pauonep
713 3803 863 3856 0111111111
882 3816 1009 3868 pauonem
1031 3805 1086 3854 αΡ
1170 3807 1202 3856 12

122 3874 194 3940 uulgi
214 3881 259 3940 ap
331 3877 364 3926 tt
381 3871 509 3940 pinguior,
528 3873 576 3924 etsi
594 3872 677 3936 uolgo
753 3874 785 3923 15
805 3870 872 3921 111111
892 3872 947 3921 αΡ
1013 3874 1044 3925 16
1064 3872 1120 3924 obit
1138 3872 1201 3929 aP:

122 3942 235 4008 obidp
327 3946 433 3994 untoa
538 3943 705 3994 181111111
812 3942 843 3993 19
861 3939 1007 4006 ingenioP
1073 3955 1101 3992 es
1119 3940 1206 4008 quiI’

121 4026 227 4076 comp
