2656 4440
516 257 648 312 SATVRA
667 258 700 310 Vl

594 501 635 570 Vl

75 634 213 696 Admovit
235 635 292 695 iam
316 635 420 695 bruma
443 635 510 694 foco
532 644 572 714 te,
595 636 693 710 Basse,
717 631 849 694 Sabino?

75 722 173 781 iamne
197 720 260 800 lyra
284 728 313 780 et
336 719 438 780 tetrico
461 719 562 780 vivunt
584 720 637 780 tibi
659 719 777 800 pectine
801 718 949 780 chordae?

76 806 150 866 mire
174 805 274 884 331131
298 805 430 865 33313313
453 815 583 865 13133331
607 804 768 885 primordia
791 823 896 864 vocum

77 901 165 970 atque
188 909 301 950 marem
323 890 480 968 strepitum
503 890 568 950 111113
590 891 753 951 intendisse
777 889 893 962 latinae,

77 995 146 1036 mox
168 976 291 1036 1313333
313 975 423 1054 agitare
446 975 527 1036 iocos
549 985 578 1035 et
601 976 707 1055 pollice
729 975 856 1035 honesto

78 1061 216 1140 egregius
239 1059 343 1121 lusisse
365 1079 468 1120 senex.
512 1060 584 1120 mihi
607 1080 689 1121 nune
713 1059 803 1136 Ligus
826 1078 876 1119 ora

78 1147 193 1225 intepet
215 1144 412 1224 hibernatque
435 1162 534 1205 meum
557 1164 647 1219 mare,
674 1164 733 1225 qua
754 1146 830 1205 latus
852 1145 959 1224 ingens

164 1317 197 1372 Vl
224 1320 237 1375 1
261 1317 330 1373 hane
352 1317 460 1374 satiram
481 1316 574 1374 scribit
596 1318 628 1373 ad
643 1318 763 1374 Caesium
780 1319 887 1373 11333331
909 1315 1023 1392 lyricum
1040 1323 1156 1391 poetam.

78 1420 159 1478 quem
192 1402 261 1459 lama
293 1410 336 1459 est
366 1403 395 1458 in
425 1403 540 1476 praediis
568 1402 623 1459 suis
651 1402 769 1477 positum
798 1403 908 1459 ardente
930 1402 1042 1460 Vesuvio
1065 1408 1158 1458 monte

79 1487 237 1562 Campaniae
270 1496 297 1544 31
327 1486 382 1543 1313
410 1487 517 1560 ignibus
545 1487 699 1545 abundante
729 1505 790 1544 cum
819 1487 879 1544 villa
900 1505 948 1544 sua
970 1498 1072 1545 ustum.
1115 1486 1160 1542 hic

77 1589 143 1648 ergo
167 1573 231 1630 dum
252 1573 361 1637 1113331,
384 1573 468 1629 113313
489 1573 521 1629 ad
536 1572 649 1630 Sabinos
671 1582 825 1639 secesserat,
851 1572 896 1628 ubi
917 1573 1022 1631 hiemali
1038 1582 1159 1647 tempore

76 1659 103 1714 in
125 1659 189 1714 1333
211 1657 298 1714 calido
321 1659 438 1714 carmina
459 1658 602 1715 scribebat.
710 1675 740 1715 33
761 1668 851 1715 331331
874 1658 937 1714 dicit
960 1659 1067 1716 Persius
1088 1657 1159 1733 apud

76 1743 211 1818 Liguriam
240 1741 323 1799 inisse
351 1743 379 1798 in
407 1743 468 1800 1333
490 1743 537 1799 ubi
562 1753 659 1817 portus
683 1744 796 1800 naturali
818 1743 890 1799 11313
913 1755 1040 1800 33313133
1061 1744 1159 1801 lluctus

77 1830 104 1885 in
126 1845 157 1884 33
179 1827 284 1902 3331311,
307 1828 354 1901 1331
375 1837 488 1903 3333133
509 1830 691 1887 curvationem
712 1838 808 1903 portus
823 1829 914 1885 131333
937 1837 1057 1886 vocatur.
1083 1829 1160 1885 311133

77 1915 156 1971 etiam
179 1913 282 1969 Ennius
302 1913 330 1968 in
350 1913 482 1988 principio
497 1913 631 1970 annalium
647 1932 758 1972 suorum
773 1914 892 1970 meminit
907 1914 958 1970 hoc
972 1931 1062 1979 13333,
1079 1930 1159 1989 133331

78 1999 156 2056 311313
186 1998 293 2054 Persius
322 1999 484 2056 carminibus
513 2000 567 2055 suis
595 2000 681 2056 iunxit
709 2011 735 2056 31
764 1997 900 2056 33133131
924 1999 1009 2056 Ennio
1031 1999 1160 2056 ablatum.

79 2085 124 2158 qui
147 2083 249 2139 Ennius
276 2083 329 2140 hoc
357 2084 480 2158 scripsit,
511 2085 575 2141 dum
596 2103 625 2141 se
647 2087 674 2140 in
696 2086 814 2141 Parnaso
837 2086 984 2142 somniasse
1007 2085 1112 2142 dixisset
1134 2093 1162 2153 31

79 2170 162 2226 113331
186 2168 296 2225 Homeri
324 2169 435 2225 animam
464 2169 612 2226 secundum
635 2170 802 2245 Pythagorae
832 2171 955 2244 dogmata
976 2189 1026 2246 per
1048 2171 1161 2227 aliorum

81 2269 198 2328 corpora
220 2253 304 2311 adse
326 2254 438 2311 1331333.
510 2255 527 2312 3
550 2272 646 2311 333333
669 2263 722 2312 est:
747 2273 763 2312 3
786 2257 906 2312 mirande
921 2256 1014 2313 artifex
1035 2257 1162 2314 varietate

80 2354 273 2403 numerorum,
302 2356 382 2413 quam
410 2339 442 2396 de
472 2341 564 2396 3131313
592 2341 694 2414 graecis
723 2341 842 2414 excerpis
871 2350 897 2397 31
922 2340 1057 2399 masculos
1079 2358 1162 2398 sonos

80 2423 170 2482 latinis
192 2431 267 2498 aptas
289 2424 461 2480 carminibus.
591 2429 609 2483 4
632 2427 778 2482 masculum
802 2434 828 2481 31
855 2424 953 2482 1331331
976 2444 1082 2492 333313,
1106 2443 1162 2483 333

82 2525 137 2583 1333
159 2508 250 2565 solent
270 2510 377 2583 quidam
399 2510 474 2567 velut
495 2509 619 2568 muliebri
640 2529 671 2568 ao
693 2511 767 2567 molli
789 2527 856 2567 1333
878 2522 995 2568 3331333.
1103 2510 1162 2568 fidis

81 2611 168 2668 genus
196 2603 239 2651 est
266 2594 382 2651 citharae
411 2596 484 2670 quod
513 2605 565 2653 tam
595 2597 765 2671 singulariter
792 2612 872 2670 quam
894 2597 1034 2670 pluraliter
1056 2597 1164 2654 dicitur.

81 2689 113 2736 31
134 2678 261 2736 Horatius
283 2677 339 2754 [od.
359 2682 385 2745 1,
405 2684 453 2746 17,
473 2679 522 2756 18]
538 2675 584 2739 ‘et
608 2682 661 2739 11113
684 2683 745 2738 Teia
769 2682 839 2739 dices
861 2680 1015 2739 laborantes
1035 2682 1064 2738 in
1086 2677 1163 2739 uno’.

82 2762 232 2839 pluraliter,
261 2773 291 2821 ut
308 2763 450 2840 'Vergilius
472 2764 598 2841 [deo.6‚
618 2767 688 2841 120]
710 2762 845 2824 ‘Threicia
872 2766 958 2824 iratus
981 2768 1079 2825 cithara
1102 2767 1164 2825 lidi-

84 2848 189 2923 busque
212 2845 337 2907 canoris'.
462 2856 478 2910 5
503 2853 612 2909 iuvenes
634 2854 718 2919 13333,
742 2854 802 2910 ideo
826 2855 898 2927 quod
921 2853 1034 2929 lyricum
1057 2871 1164 2914 carmen

84 2935 116 2991 de
137 2935 263 2992 iuvenum
289 2937 326 2992 sit
346 2953 437 2993 amore
467 2939 656 3011 compositum.
786 2949 813 2995 31
834 2939 931 3013 3311133
954 2941 1078 3006 honesto,
1102 2944 1165 3017 quia

84 3019 269 3077 citharizantes
289 3037 346 3077 333
368 3022 456 3078 331331
478 3021 582 3096 3133133
604 3041 697 3080 verum
720 3025 798 3081 etiam
813 3026 895 3098 digito
912 3027 944 3083 de
960 3027 1067 3084 chordis
1082 3045 1166 3085 sonos

85 3105 213 3162 educunt.
235 3113 266 3161 nt
282 3107 412 3180 Vergilius
428 3103 507 3181 [den.
526 3111 553 3170 6,
573 3104 775 3184 bdll‘iamque
797 3112 888 3166 eadem
911 3111 998 3185 digitis
1014 3113 1031 3167 i.
1049 3106 1115 3186 3.’3.
1130 3109 1166 3170 3.’

172 3193 189 3248 6
213 3206 243 3246 se
264 3190 352 3265 ipsum
366 3193 474 3249 Persius
489 3193 620 3267 significat
635 3196 775 3251 secessisse
790 3195 817 3249 in
832 3195 955 3268 Liguriae
971 3194 1037 3252 fines
1053 3208 1166 3271 3333133

85 3274 203 3330 Fulviam
224 3275 371 3333 Sisenniam
394 3286 506 3334 matrem
529 3295 614 3344 snam,
638 3297 707 3353 quae
728 3289 927 3353 postmortem
949 3282 1047 3354 prioris
1065 3282 1114 3337 viri
1129 3281 1165 3340 ibi

85 3368 171 3434 nupta
199 3368 266 3418 erat.
394 3361 435 3419 vel
464 3364 537 3437 quod
570 3365 597 3419 in
626 3364 756 3420 brumalia
785 3363 885 3439 frigora
916 3366 1033 3439 tepidum
1062 3367 1166 3424 caelum

85 3445 166 3518 Ligus
188 3462 236 3502 ora
258 3446 393 3520 praebeat.
461 3448 627 3515 7111133331,
650 3451 733 3506 333111
754 3450 796 3505 131
812 3466 825 3506 3
839 3450 947 3524 navigiis
969 3461 1052 3507 vacat.
1096 3452 1168 3510 sicut

171 3609 206 3660 tu
224 3610 273 3662 ode
291 3610 379 3678 quinta
398 3610 470 3663 11311
489 3617 587 3664 costum
606 3613 710 3665 bassum
728 3613 854 3680 lycurium
873 3618 902 3676 (i.
920 3616 1038 3682 lyricum)
1064 3623 1166 3684 poetam

86 3678 114 3730 P.
141 3677 350 3744 Sublaquemcm
385 3678 501 3740 fundum
528 3683 641 3732 babebat
677 3683 703 3734 0.
730 3681 836 3734 03331113
870 3685 970 3734 Bassus
1009 3683 1072 3736 CIL.
1099 3686 1172 3740 XIV

86 3744 152 3798 3471
257 3749 272 3799 2
295 3748 399 3816 neclyra
419 3756 442 3799 α
534 3751 590 3817 lyre
614 3757 640 3802 31
664 3751 742 3802 131333
766 3752 840 3802 31331
856 3754 880 3803 Ρ
903 3755 932 3802 in
955 3769 1053 3804 rasura
1070 3756 1169 3820 (potest

89 3815 152 3864 olim
167 3813 252 3875 faisse
268 3816 325 3884 1333
342 3817 457 3881 tetricae)
480 3817 535 3885 lyra
555 3826 581 3870 31
599 3819 705 3870 tetricae
728 3820 819 3871 uiuunt
839 3836 859 3886 p
956 3821 1049 3874 chorde
1073 3840 1123 3876 331.
1143 3831 1168 3875 α

88 3881 315 3952 3111333331)
380 3885 395 3936 1
415 3899 452 3951 pr.
471 3900 554 3938 rernm
573 3901 665 3938 uocum
683 3889 823 3953 Pluocum
842 3889 988 3955 adscripsit
1004 3889 1120 3952 sortasse
1137 3895 1166 3959 3)

103 4017 109 4029 ι
176 3952 360 4004 ‹lmatrcmB
429 3954 604 4020 bdegregius
624 3963 647 4006 α
665 3956 805 4022 Aegrecius
824 3958 1037 4024 Phegregiosp
1115 3960 1168 4012 ius·

90 4025 194 4071 31333α
263 4035 372 4086 333333
444 4021 612 4090 ligusyoraa
685 4025 1166 4094 'lhibetnatqueahiberuaquePpr.

141 4108 234 4154 icam
951 4115 971 4165 L
