2656 4440
575 251 709 304 SATVRA
725 251 746 304 tl

121 421 192 500 quid
216 421 294 482 iuvat
317 423 383 496 boc,
405 423 523 503 templis
546 433 666 485 nostros
688 425 845 485 immittere
867 442 966 486 mores

122 515 153 567 et
175 505 253 568 bona
276 508 320 569 dis
342 528 378 569 ex
399 509 454 570 bac
475 509 615 570 scelerata
638 511 747 571 ducere
769 507 882 589 pulpa?

120 592 196 653 baec
219 592 273 652 sibi
298 605 439 673 corrupto
462 595 568 655 casiam
592 594 721 656 dissolvit
743 595 818 656 olivo

122 685 153 737 et
175 677 330 739 Calabrum
353 680 432 740 coxit
452 680 551 740 vitiato
574 681 688 741 murice
710 681 812 753 vellus,

120 763 195 822 baec
218 762 321 823 bacam
346 765 478 825 conchae
500 764 606 826 rasisse
629 774 658 826 et
680 766 826 843 stringere
848 783 937 825 venas

120 849 264 909 ferventis
286 868 399 910 massae
421 850 513 910 crudo
536 851 572 911 de
594 851 715 929 pulvere
738 851 831 913 iussit.

121 941 226 1011 peccat
249 942 278 993 et
300 935 381 1005 baec,
404 944 517 1013 peccat,
540 935 608 995 vitio
632 945 730 999 tamen
755 936 856 996 utitur.
900 942 1003 994 atros

122 1018 219 1092 dicite,
242 1021 409 1098 pontifices,
433 1021 464 1081 in
487 1028 591 1081 sancto
614 1020 684 1099 quid
708 1021 778 1082 lacit
799 1016 927 1081 aurum?

120 1213 239 1272 minibus
254 1226 349 1274 natura
365 1215 477 1273 inditum
493 1226 520 1273 et
535 1218 737 1292 intelligentiam
755 1234 895 1286 summam,
918 1216 1075 1288 animosque
1089 1223 1200 1271 nostros

121 1300 235 1374 originis
258 1302 360 1359 divinae
382 1304 550 1359 immemores
572 1303 657 1360 laetos
687 1315 714 1361 et
737 1321 811 1360 more
833 1303 967 1377 pecudum
988 1301 1100 1357 humum
1121 1317 1200 1373 spec·

121 1393 223 1441 tantes.
251 1395 282 1443 ut
303 1387 436 1444 Salustius
463 1388 500 1444 ait
530 1387 603 1462 [Cot.
630 1388 657 1463 l]
683 1379 766 1463 ‘quae
787 1396 882 1445 natura
902 1403 990 1462 prona
1012 1394 1094 1459 atque
1114 1385 1201 1442 ventri

122 1469 293 1527 oboedientia
315 1459 409 1529 linxit'.
512 1475 550 1531 62
574 1474 639 1548 quid
667 1475 795 1549 prodest,
819 1483 849 1530 ut
872 1473 1011 1530 credamus
1034 1472 1099 1527 deos
1121 1472 1200 1544 cupi-

122 1555 206 1610 ditate
228 1555 313 1630 aliqua
342 1558 381 1614 vel
411 1557 555 1614 ambitione
585 1560 657 1616 sicut
685 1559 805 1616 homines
835 1555 930 1632 tangit
965 1565 995 1613 ut
1023 1574 1055 1613 ex
1082 1555 1200 1612 humano

122 1655 239 1714 corpore
269 1643 408 1698 credamus
438 1644 502 1700 deos
531 1644 636 1700 luxuria
664 1644 704 1701 vel
732 1661 831 1720 pompa
859 1651 906 1700 aut
934 1641 1123 1698 ambitionibus
1152 1641 1202 1697 de-

120 1724 215 1781 lectari
249 1728 399 1784 carnalibus
428 1737 455 1785 et
487 1727 640 1786 felicitatem
672 1731 785 1787 deorum
817 1731 843 1785 in
876 1744 942 1785 auro
973 1727 1087 1802 positam
1120 1723 1201 1783 esse?

211 1812 250 1869 63
274 1812 358 1887 pulpa
375 1823 415 1869 est
430 1830 493 1869 caro
508 1814 566 1871 sine
580 1815 753 1890 pinguedine,
776 1816 847 1872 dicta
861 1814 935 1888 quod
950 1812 1072 1887 palpitet.
1136 1812 1202 1868 baec

123 1895 214 1951 eadem
244 1897 326 1972 pulpa
351 1899 379 1954 id
410 1907 451 1954 est
480 1899 532 1955 boc
561 1917 660 1974 corpus
689 1909 812 1958 nostrum
835 1900 953 1956 omnium
975 1898 1102 1954 vitiorum
1123 1913 1203 1953 causa

124 1989 174 2036 est.
199 1982 273 2054 quod
296 1984 440 2040 detractive
462 1983 622 2041 sceleratum
643 1986 793 2060 appellavit.
925 1987 964 2042 64
988 1983 1100 2055 casiam,
1123 1999 1203 2056 qnam

122 2065 150 2119 in
173 2073 244 2122 terra
268 2068 364 2126 orienti
386 2069 507 2142 proxima
535 2071 656 2128 homines
687 2082 744 2129 loto
774 2087 889 2146 corpore
918 2077 1062 2139 contecto,
1092 2067 1205 2142 paulum

128 2150 213 2208 oculis
235 2153 334 2209 relictis
356 2153 462 2210 intectis
488 2157 520 2211 ad
542 2156 628 2213 visum
645 2165 758 2232 propter
779 2155 976 2213 multitudinem
991 2154 1077 2210 avium
1093 2153 1206 2210 infesta-

125 2253 186 2292 rum
210 2254 279 2310 quae
302 2248 368 2295 sunt
389 2240 609 2313 vespertilionum
631 2243 745 2313 similes,
775 2260 807 2298 er
828 2240 930 2298 lacibus
952 2238 1084 2313 colligunt
1112 2239 1207 2294 colan-

125 2330 167 2378 tes
195 2338 324 2395 aquarum
354 2324 523 2398 superficiem
544 2326 572 2380 in
594 2326 649 2382 limi
670 2328 791 2383 modum.
808 2344 809 2348 ¹
824 2327 890 2382 baec
923 2324 991 2381 casia
1024 2323 1095 2380 olivo
1124 2325 1206 2380 mixta

126 2416 297 2479 unguentum
320 2408 391 2464 lacit.
479 2411 549 2467 casia
571 2410 653 2467 herba
675 2413 716 2467 vel
741 2411 871 2485 pigmenti
899 2427 1002 2483 genus,
1033 2425 1087 2481 quo
1117 2409 1206 2464 oleum

125 2492 239 2546 meliore
262 2495 346 2548 odore
367 2493 494 2549 inficitur.
582 2504 614 2550 ut
628 2496 707 2568 Verg.
731 2495 768 2568 [9,
791 2498 820 2565 2,
843 2494 915 2567 466]
935 2485 1000 2549 ‘nec
1022 2493 1091 2548 casia
1111 2493 1207 2567 liquidi

128 2577 312 2648 corrumpitur
334 2595 400 2632 usus
423 2566 513 2633 olivi³.
622 2582 660 2638 65
686 2579 799 2653 Apulam
827 2578 915 2634 lanam
943 2577 1085 2650 conchylio
1112 2576 1205 2633 inlicit.

126 2661 189 2715 ideo
205 2660 231 2714 in
248 2660 355 2734 Apulia,
378 2664 451 2736 quod
473 2661 512 2718 ibi
534 2679 597 2719 oves
613 2663 756 2738 plurimum
773 2671 930 2719 nascuntur.
1018 2660 1103 2718 vellus
1117 2671 1207 2718 autem

126 2745 163 2800 ob
186 2744 238 2800 boc
261 2747 377 2818 dictum,
408 2748 482 2821 quod
510 2748 598 2822 primo
628 2749 704 2804 lanae
732 2748 912 2819 vellerentur,
939 2764 993 2803 non
1016 2747 1205 2804 tonderentur.

215 2833 253 2888 66
278 2831 372 2888 radere
393 2834 550 2906 margaritas
573 2834 606 2891 de
628 2835 738 2891 conchis
765 2834 883 2890 marinis.
928 2833 1042 2890 uniones
1065 2833 1136 2890 enim
1157 2849 1206 2888 na·

126 2926 241 2972 scuntur
264 2917 290 2971 in
314 2917 433 2990 conchis,
456 2935 506 2992 pro
529 2919 627 2993 quibus
650 2920 728 2976 bacas
750 2920 850 2994 posuit,
871 2930 903 2976 ut
917 2919 1042 2976 Horatius
1066 2917 1157 2992 [epod.
1176 2921 1205 2990 8,

129 3000 178 3074 ta]
201 2991 284 3075 ‘quae
306 3003 513 3060 rotundioribus
536 3015 633 3061 onusta
654 2993 753 3062 bacis³.
853 3008 891 3063 67
915 3004 984 3061 bene
1006 3005 1119 3061 crudum
1141 3004 1206 3079 pul-

125 3103 215 3142 verem
227 3088 299 3160 dicit,
315 3089 377 3162 quia
393 3090 522 3164 coquitur
535 3099 566 3146 ut
581 3091 718 3147 metallum
733 3090 789 3160 fiat,
805 3098 832 3147 et
842 3089 911 3147 bene
922 3091 1065 3163 stringere,
1082 3090 1144 3163 quia
1156 3107 1206 3146 co-

130 3173 238 3245 quendo
260 3173 390 3247 redigitur
413 3175 440 3229 in
462 3192 586 3231 massam.
688 3177 727 3234 68
750 3177 816 3232 6666
837 3175 958 3232 iaciendo
984 3175 1136 3248 integritate
1158 3191 1207 3229 sua

126 3273 216 3313 mores
246 3257 353 3314 humani
383 3259 516 3317 vacillant.
546 3261 573 3315 in
599 3278 654 3334 quo
677 3270 764 3317 tamen
789 3261 897 3316 crimine
921 3276 1066 3333 possumus
1088 3259 1207 3314 bomini·

126 3340 177 3397 bus
198 3342 340 3416 ignoscere
363 3344 400 3400 eis
423 3346 470 3419 qui
491 3345 716 3420 concupiscentiis
739 3354 863 3401 utuntur.
971 3343 1090 3419 quamvis
1112 3352 1207 3417 peccat

127 3443 292 3500 supervacua
322 3431 500 3504 reperiendo,
535 3429 616 3486 babet
644 3440 732 3486 tamen
762 3429 877 3507 aliquem
905 3445 983 3486 usum
1011 3430 1201 3501 appetitorum.

214 3516 252 3572 69
277 3514 325 3570 diis
348 3524 402 3571 tam
424 3524 489 3572 sunt
511 3533 577 3589 opes
592 3532 774 3590 supervacuae
789 3532 869 3589 quam
886 3513 981 3571 Veneri
995 3530 1112 3588 poppae,
1137 3531 1205 3588 quas

126 3596 242 3670 virgines
265 3598 399 3656 nubentes
422 3601 532 3657 donant.
577 3600 702 3657 solebant
723 3601 792 3657 enim
814 3600 929 3673 virgines
951 3607 1095 3672 antequam
1117 3600 1207 3656 nube-

125 3691 188 3739 rent
215 3687 344 3756 quaedam
375 3685 533 3758 virginitalis
563 3703 627 3741 suae
656 3685 726 3741 dona
756 3684 850 3742 Veneri
880 3700 1047 3740 consecrare.
1097 3683 1150 3740 boc
1179 3692 1207 3741 et

213 3874 246 3924 62
267 3873 352 3936 666ς
422 3875 617 3927 6361161166
686 3877 718 3927 65
737 3873 768 3926 llt
786 3875 820 3924 P:
838 3871 949 3924 llaecot
1030 3877 1062 3927 66
1080 3875 1211 3927 666661Ρ

214 3942 244 3990 ct
265 3941 358 3992 missae
377 3949 401 3992 α
471 3945 503 3996 68
522 3941 696 3996 Peccaetbaec
715 3949 738 3993 α
817 3943 849 3993 69
868 3941 894 3993 in
912 3940 1009 3992 sanclis
1029 3942 1206 4008 Lampridius

122 4010 183 4058 uita
200 4009 280 4060 Aleae.
298 4008 392 4060 Seueri
408 4010 442 4061 44
