2656 4440
500 241 623 296 11611111
658 242 818 296 strvutr

125 414 272 476 scribendi
294 416 504 517 quodcumque
526 416 624 475 animo
648 415 790 494 flagrante
813 414 920 476 liberet

124 491 329 579 simplicitas‘l'
355 501 440 563 cuius
463 520 524 561 non
548 500 642 561 audeo
665 499 764 561 dicere
787 498 920 562 nomen?

123 585 192 687 quid
216 585 318 660 refert,
341 586 427 647 dictis
449 585 584 665 ignoscat
605 584 721 647 hlucius
743 604 781 646 an
806 583 890 646 non?

123 661 214 749 ‘pone
236 632 431 750 Tigellinum.
455 672 538 732 taeda
561 668 704 732 lucebis
697 690 728 730 m
752 670 809 745 illa,

125 773 181 834 qua
203 763 316 818 stantes
338 756 444 817 ardent
466 756 516 834 qui
538 757 597 815 fixo
619 763 741 834 pectore
764 756 889 829 fumant,

125 848 153 900 et
172 839 266 900 latum
288 841 384 902 media
406 841 523 902 sulcum
544 840 665 902 deducis
687 830 815 901 harena.³

125 925 174 1004 qui
196 924 278 986 dedit
298 945 369 1006 ergo
392 925 489 987 tribus
510 926 624 1005 patruis
646 925 771 999 aconita,
795 925 918 986 vehatur

122 1009 292 1113 pensilibus
310 1011 419 1090 plumis
441 1020 528 1090 atque
551 1010 633 1071 illinc
656 1011 798 1090 despiciat
820 1008 898 1072 nos?

136 1113 204 1155 cum
225 1096 326 1157 reniet
347 1104 460 1172 contra,
483 1096 574 1176 digito
597 1115 753 1199 compesce
775 1095 929 1196 labellum:

125 1189 279 1242 accusator
302 1182 357 1242 erit
380 1182 430 1260 qui
452 1143 576 1242 ’verbum
600 1174 735 1242 dixerit‘
736 1174 798 1241 ‘hic
821 1171 896 1242 est'’.

124 1284 247 1328 securus
268 1265 338 1328 lieet
359 1267 479 1328 Aenean
503 1265 705 1345 Rutulumque
728 1267 857 1327 ferocem

124 1351 301 1427 committas,
325 1343 398 1412 nulli
420 1351 516 1431 gravis
539 1359 583 1412 est
604 1369 764 1430 percussus
786 1350 914 1412 Achilles

123 1443 173 1496 aut
194 1435 322 1497 muitum
344 1437 496 1534 quaesitus
517 1436 606 1533 llylas
629 1455 793 1515 urnamque
815 1444 949 1498 secutus.

124 1538 196 1581 ense
218 1520 299 1582 velut
320 1519 423 1583 stricto
447 1522 586 1600 quotiens
609 1521 740 1583 Lucilius
762 1521 870 1583 ardens

122 1605 286 1681 infremuit,
309 1606 397 1667 rubet
419 1607 535 1668 auditor
558 1607 605 1667 cui
628 1607 733 1686 frigida
756 1625 841 1667 mens
864 1614 909 1668 est

125 1690 310 1764 criminibus,
333 1693 421 1753 tacita
443 1692 551 1753 sudant
572 1692 746 1771 praecordia
770 1692 866 1772 culpa.

123 1774 193 1837 inde
215 1776 276 1837 irae
299 1785 328 1838 et
350 1777 495 1838 lacrimae.
519 1788 618 1838 tecum
641 1777 725 1856 prius
747 1796 818 1856 ergo
841 1776 938 1836 voluta

212 1951 270 2007 155
296 1950 325 2006 G.
347 1949 475 2007 Solonius
497 1948 644 2022 Tigillinus,
668 1958 745 2022 patre
767 1946 942 2022 Agrigentino
965 1944 1130 2019 Scyllaceum
1152 1959 1199 1999 re-

122 2032 228 2106 legato,
262 2035 366 2091 iuvenis
394 2051 475 2109 egens
503 2052 596 2091 verum
624 2034 768 2092 admodum
796 2032 922 2107 pulcher,
958 2032 985 2087 in
1018 2028 1199 2086 concubinatu

124 2117 159 2174 ll.
182 2118 285 2176 Vinicio
308 2130 335 2177 et
356 2120 438 2177 Lucio
460 2120 574 2176 Domitio
602 2119 703 2176 maritis
727 2119 888 2193 Agrippinae
914 2125 941 2173 et
963 2114 1044 2172 luliae
1073 2130 1199 2171 sororum

125 2202 154 2258 6.
178 2203 295 2260 Caesaris
316 2221 402 2279 aeque
423 2206 450 2260 in
472 2206 614 2279 utriusque
640 2204 769 2261 uxoribus
796 2210 954 2277 suspectus,
985 2200 1020 2257 ob
1050 2200 1103 2256 hoc
1131 2198 1200 2256 urbe

125 2299 275 2346 summotus
296 2289 468 2364 piscatoriam
489 2291 516 2346 in
540 2290 638 2346 Achaia
660 2290 786 2352 exercuit,
810 2286 899 2362 quoad
922 2294 1030 2358 accepta
1052 2285 1200 2342 hereditate

123 2373 239 2430 reditum
260 2374 311 2431 sub
334 2375 491 2432 condicione
513 2375 670 2448 inpetravit,
699 2382 730 2430 ut
752 2381 899 2446 conspectu
923 2371 1023 2427 Claudii
1044 2369 1198 2426 abstineret.

124 2475 208 2531 quare
230 2459 341 2516 saltibus
362 2461 390 2516 in
406 2460 503 2534 Apulia
525 2469 553 2516 et
568 2459 686 2516 Calabria
708 2459 867 2532 comparatis
890 2473 951 2513 cnm
973 2455 1093 2511 studiose
1113 2471 1199 2529 equos

124 2541 206 2601 aleret
228 2545 422 2619 quadrigarios,
449 2545 588 2602 amicitiam
610 2545 723 2601 Neronis
746 2552 841 2599 nactus
863 2543 966 2615 primus
988 2540 1062 2596 illum
1083 2540 1114 2594 ad
1138 2548 1199 2596 stu-

124 2628 197 2684 dium
219 2630 378 2687 circensium
399 2633 492 2687 movit.
577 2647 649 2703 pone
671 2638 697 2686 te
719 2628 870 2701 vituperare
890 2625 1050 2700 Tigillinum,
1075 2641 1155 2699 quem
1177 2625 1199 2679 si

123 2712 242 2781 laeseris,
266 2715 340 2771 vivus
362 2715 475 2780 ardebis,
499 2715 723 2789 quemadmodum
745 2714 772 2768 in
793 2729 906 2768 munere
921 2711 1033 2768 Neronis
1054 2709 1106 2765 vivi
1123 2725 1200 2765 arse-

123 2809 198 2855 runt.
221 2800 255 2857 de
276 2799 374 2874 quibus
396 2801 441 2858 ille
461 2801 576 2857 iusserat
598 2817 690 2857 cereos
713 2799 780 2863 fieri,
803 2808 834 2855 ut
856 2798 978 2856 lucerent
992 2793 1199 2869 spectatoribus,

124 2900 185 2939 cum
206 2883 258 2940 fixa
279 2894 370 2942 essent
390 2885 441 2942 illis
463 2894 581 2960 guttura,
606 2902 639 2942 ne
662 2903 691 2943 se
713 2892 865 2941 curvarent.
955 2884 1013 2940 156
1029 2882 1098 2938 Nero
1114 2880 1199 2936 male-

123 2967 189 3025 ficus
211 2970 332 3027 homines
355 2971 431 3028 taeda
454 2981 481 3028 et
502 2987 604 3044 papyro
627 2980 654 3028 et
676 2987 736 3028 cera
758 2967 978 3044 supervestiebat‚
1002 2974 1029 3024 et
1050 2967 1088 3023 sic
1110 2966 1199 3039 ignem

123 3053 259 3112 admoveri
279 3055 396 3120 iubebat,
419 3066 450 3112 ut
471 3056 605 3112 arderent.
737 3058 793 3114 157
820 3054 952 3111 abductus
975 3053 1045 3109 enirn
1067 3070 1128 3109 cum
1150 3067 1200 3126 per

124 3155 232 3195 arenam
255 3141 414 3207 traheretur,
438 3140 542 3198 sulcum
565 3157 680 3214 corpore
702 3157 752 3196 suo
775 3139 839 3196 iecit
859 3139 902 3194 vel
925 3138 1032 3194 fossam.
1139 3139 1197 3194 158

123 3224 284 3297 generaliter
305 3225 370 3282 dicit
391 3243 504 3300 carpens
526 3242 572 3282 eos
593 3228 638 3299 qui
655 3241 759 3282 veneno
776 3232 940 3297 grassantur.
1031 3225 1088 3279 159
1106 3220 1200 3277 lectica

122 3308 220 3382 plumis
241 3317 335 3368 strata.
468 3312 526 3369 162
549 3327 661 3367 securus
684 3310 716 3367 de
738 3309 851 3364 mortuis
873 3305 1000 3381 loqueris,
1025 3323 1075 3363 nec
1096 3315 1199 3362 metues

123 3392 211 3467 legem
233 3395 334 3460 lulium,
359 3413 427 3470 quae
449 3395 569 3452 vivorum
590 3396 649 3452 vitia
673 3403 746 3451 vetat
768 3393 848 3466 carpi.
940 3392 998 3448 163
1022 3391 1094 3464 Virg.
1119 3388 1198 3463 [Aere.

124 3480 152 3545 6,
178 3477 228 3552 57]
248 3469 380 3537 Ἱ11111111
402 3482 448 3555 qni
470 3481 571 3537 Paridis
594 3480 689 3537 direxti
711 3478 763 3540 tela
784 3494 934 3550 manusque
956 3492 1055 3549 corpus
1077 3475 1104 3531 in
1127 3479 1199 3532 Aea-

123 3558 1199 3658 111111.16411111116,44](111111111111,Η1111111111-

123 3636 389 3710 111111ῑῖ168
412 3650 548 3707 iracundia
570 3651 725 3708 accenditur
748 3665 849 3706 nocens
873 3646 1013 3704 criminum
1035 3646 1199 3703 conscientia

210 3799 258 3849 155
279 3795 418 3864 tigillinum
437 3798 544 3850 Pcorr.
559 3812 579 3862 p
649 3794 781 3848 lucebitP
796 3811 866 3847 corr.
883 3812 910 3860 p,
929 3800 955 3844 et
972 3797 1001 3844 in
1017 3795 1141 3859 margine
1160 3796 1200 3843 est

122 3864 166 3917 uel
183 3864 283 3917 lucebis
356 3867 402 3918 156
422 3865 500 3933 qui]'
493 3881 502 3915 r
520 3868 550 3916 in
568 3866 652 3916 litura
670 3866 694 3915 P
765 3869 869 3930 pectore
888 3865 910 3914 P
926 3862 968 3915 uel
986 3865 1088 3927 gutture
1105 3877 1198 3928 super·

121 3935 266 4001 scripsitp
365 3936 412 3987 151
431 3933 535 3986 deducit
553 3932 694 3985 Pdeducis
712 3949 730 3998 p
837 3935 884 3985 159
903 3931 1016 3998 despicio
1035 3932 1061 3982 et
1080 3945 1127 3982 nos
1144 3931 1197 3980 Pa

122 4005 255 4069 erasitp:
274 4000 402 4068 despiciat
420 4004 439 4064 ς
512 4004 559 4054 161
579 4017 687 4053 neruum
705 4004 736 4051 ut
754 4001 865 4051 uidetur
884 4001 1008 4051 Puerum
1023 4014 1043 4065 p
