2656 4440
579 243 711 297 SATVRA
730 244 752 296 V

124 415 231 476 lecerit
253 415 392 477 articulos
413 415 520 478 veteris
542 417 662 476 ramalia
684 417 750 496 lagi,

124 510 198 562 tunc
222 519 337 562 crassos
361 501 501 562 transisse
523 501 586 563 dies
608 503 765 582 lucemque
787 501 948 581 palustrem

125 594 156 646 et
177 585 232 647 sihi
255 587 312 648 iam
334 586 393 648 seri
414 587 503 647 uitam
524 586 697 667 ingemuere
720 588 862 649 relictam.

125 680 155 732 at
177 680 207 732 te
231 671 386 733 nocturnis
408 673 486 733 iuvat
508 672 702 752 inpallescere
726 672 843 747 chartis,

125 757 224 817 cultor
247 758 326 818 enim
350 758 490 818 iuvenum
513 768 654 836 purgatas
677 759 783 819 inseris
805 776 892 819 aures

124 842 211 921 fruge
235 841 403 906 Cleanthea.
440 843 532 922 petite
554 844 624 904 hinc
647 844 793 924 puerique
815 859 962 921 senesque

124 927 216 987 finem
240 928 339 988 animo
362 938 477 988 certum
500 927 673 1008 miserisque
695 929 797 990 viatica
820 928 1203 990 canisae

121 1003 202 1072 ‘cras
223 1012 281 1072 hoc
304 1002 372 1073 fiet?
420 1013 496 1073 idem
521 1031 586 1074 cras
609 1015 668 1075 fiet.
711 1008 817 1093 ‘quid‘l
840 1012 924 1110 quasi
946 1030 1088 1092 magnum

126 1115 235 1193 nempe
257 1097 334 1159 diem
356 1088 467 1159 donas?
508 1099 559 1160 sed
583 1117 651 1160 cum
673 1100 724 1160 lux
744 1099 835 1159 altera
857 1098 946 1172 venit,

125 1181 183 1241 iam
206 1201 270 1243 cras
292 1182 465 1243 hesternum
489 1185 736 1264 consumpsimus,
759 1202 830 1245 ecce
851 1183 929 1244 aliud
953 1200 1018 1244 cras

125 1267 222 1345 egerit
243 1267 298 1328 hos
320 1285 417 1329 annos
439 1275 469 1328 et
491 1286 609 1348 semper
630 1269 752 1348 paulum
775 1269 832 1330 erit
852 1268 940 1329 ultra.

125 1369 195 1412 nam
218 1353 350 1431 quamvis
372 1371 467 1432 prope
488 1361 528 1427 tc,
552 1356 684 1432 quamvis
706 1364 827 1416 temone
849 1352 905 1415 suh
928 1372 989 1414 uno
1174 1361 1204 1412 'te

123 1446 289 1498 vertentem
313 1457 377 1500 sese
399 1439 510 1499 frustra
532 1440 684 1501 sectabere
707 1441 857 1512 canthum,

124 1540 194 1583 cum
217 1531 282 1583 rota
303 1524 453 1603 posterior
473 1541 577 1586 curras
599 1526 680 1586 etin
704 1543 757 1586 axe
780 1524 923 1588 secundo.

168 1607 303 1669 libertate
326 1627 401 1688 opus
424 1617 478 1670 est.
523 1628 584 1670 non
607 1611 671 1684 hac,
693 1609 874 1689 utquisque
897 1608 998 1669 Velina

212 1799 251 1855 63
267 1805 383 1855 tractum
399 1806 439 1855 est
453 1796 486 1855 ah
502 1797 625 1873 agricolis
641 1800 687 1873 qui
702 1797 812 1857 arbores
827 1797 1018 1863 infructuosas,
1034 1806 1065 1854 ut
1080 1797 1133 1853 sint
1148 1796 1203 1854 ler-

123 1881 192 1947 tiles,
215 1890 334 1956 purgant
356 1892 383 1940 et
404 1884 536 1942 inserunt.
625 1887 663 1942 64
680 1885 826 1942 stoicorum
842 1886 999 1959 praeceptis,
1024 1884 1100 1940 cuius
1116 1891 1204 1939 sectae

123 1966 264 2024 Cleanthes
279 1966 456 2042 philosophus
472 1968 532 2027 luit.
620 1972 659 2027 70
682 1970 755 2026 hunc
773 1969 865 2027 locum
886 1978 966 2043 poeta
987 1985 1037 2043 per
1051 1966 1204 2024 similitudi-

121 2069 184 2109 nem
199 2053 304 2118 raedae,
321 2054 395 2128 quod
406 2062 448 2111 est
458 2071 544 2128 genus
555 2054 668 2111 vehiculi
679 2064 809 2129 quattuor
817 2064 950 2126 rotarum,
963 2053 1085 2128 exprimit
1095 2053 1202 2110 dicens:

123 2137 187 2195 licet
197 2137 247 2195 sub
258 2156 314 2195 uno
325 2149 433 2196 temone
443 2141 606 2213 praecedens
617 2149 644 2197 et
656 2140 825 2216 subsequens
836 2150 895 2197 rota
908 2140 1041 2204 decurrat,
1058 2155 1205 2213 numquam

123 2231 214 2280 tamen
235 2224 371 2297 posterior
392 2225 598 2298 praecedentem
621 2227 805 2301 consequitur,
830 2225 893 2284 lieet
912 2242 996 2301 parvo
1018 2224 1104 2299 spatio
1120 2225 1206 2281 inter-

123 2308 223 2383 posito,
247 2310 461 2385 tantundemque
486 2311 562 2384 prior
583 2319 714 2383 quantum
737 2321 764 2368 et
784 2313 921 2386 posterior
942 2310 1067 2368 volvitur.
1098 2311 1134 2365 ita
1154 2325 1206 2364 nos

124 2394 206 2450 docet
227 2395 300 2468 quod
323 2395 408 2467 diem,
437 2413 517 2470 quem
540 2393 687 2452 differendo
710 2396 858 2453 doctrinam
881 2396 1031 2470 perdimus,
1060 2410 1207 2467 numquam

124 2478 176 2535 diei
205 2479 395 2553 subsequentis
424 2480 513 2536 studio
542 2496 708 2556 reparamus.
816 2483 855 2538 73
879 2479 911 2535 ad
934 2479 1090 2554 sapientiam
1111 2478 1208 2534 horta-

124 2572 205 2621 turus
227 2565 364 2620 materiam
379 2564 449 2621 hanc
464 2563 513 2620 sibi
530 2564 629 2639 delegit
644 2565 735 2621 dicens
750 2563 839 2621 solum
852 2562 967 2620 liberum
979 2581 1036 2621 esse
1050 2563 1205 2637 sapientem.

124 2658 232 2706 constat
260 2657 350 2706 autem
380 2650 546 2723 Aristippum
569 2650 608 2707 sic
627 2649 737 2706 iuvenes
759 2649 846 2706 solere
868 2649 901 2705 ad
922 2649 1042 2705 studium
1063 2647 1208 2722 sapientiae

124 2735 239 2792 hortari.
317 2733 441 2792 libertate
464 2752 532 2809 opus
555 2743 604 2792 est.
627 2744 762 2808 tamquam
784 2734 807 2789 si
829 2733 943 2791 diceret:
966 2733 1096 2809 sapientia
1118 2732 1208 2788 omni-

125 2818 177 2876 hus
198 2819 349 2877 necessaria
371 2828 421 2877 est.
508 2837 564 2876 non
586 2820 656 2877 illam
677 2820 826 2877 libertatem
849 2819 921 2886 dicit,
948 2836 1001 2894 qua
1023 2819 1137 2894 quisque
1158 2833 1208 2891 per

124 2905 362 2962 manumissionem
385 2905 449 2962 civis
470 2906 605 2962 Romanus
628 2904 715 2963 lactus
737 2906 913 2980 consequitur
936 2914 962 2962 et
983 2905 1012 2960 in
1027 2903 1100 2961 trihu
1116 2902 1207 2960 Velina

126 2991 231 3048 censeri
259 3000 286 3048 et
312 2990 450 3065 publicum
473 2989 638 3049 frumentum
660 2992 789 3065 accipere,
819 2992 867 3048 sed
889 3007 946 3047 cam
967 2990 1118 3048 libertatem
1140 3004 1209 3064 quae

126 3076 160 3132 de
188 3077 276 3133 studio
298 3077 482 3152 philosophiae
504 3077 633 3134 nascitur.
660 3076 751 3133 Velina
779 3076 866 3134 trihus
889 3093 1001 3133 numero
1023 3075 1135 3132 aliarum
1156 3074 1208 3130 tri-

124 3160 210 3218 huum
238 3163 358 3219 accessit.
402 3179 462 3218 nam
491 3163 538 3237 qui
566 3163 636 3219 circa
658 3161 780 3219 Velinum
800 3161 888 3219 lacum
910 3160 1075 3225 habitabant,
1097 3161 1208 3215 Romam

125 3245 248 3304 translati
276 3257 350 3304 sunt.
395 3248 494 3304 Romae
525 3257 614 3304 autem
643 3256 700 3304 erat
727 3247 912 3310 consuetudo,
940 3255 972 3302 ut
994 3260 1086 3301 omnes
1108 3244 1154 3318 qui
1176 3259 1209 3300 ex

125 3332 335 3389 manumissione
363 3333 432 3389 cives
453 3333 565 3389 llomani
587 3331 696 3398 fiebant,
724 3333 752 3388 in
774 3348 886 3388 numero
909 3332 1005 3387 civium
1026 3330 1208 3385 Romanorum

126 3415 293 3475 frumentum
315 3417 454 3492 publicum
476 3417 639 3492 acciperent.
662 3434 758 3474 sensus
780 3425 834 3474 est:
861 3415 985 3473 libertate
1007 3415 1137 3471 utendum
1158 3420 1207 3477 est,

218 3597 412 3652 ottocento
430 3598 581 3665 FregcritP
651 3597 700 3650 laci
723 3607 746 3650 α
816 3600 846 3650 61
866 3597 961 3649 uitaP
1027 3593 1115 3645 relicta
1133 3590 1207 3654 Pes,

129 3666 324 3718 Claudianus
312 3684 342 3718 m
363 3670 526 3733 Eutropium
545 3667 640 3722 1150!
737 3669 770 3719 62
788 3666 881 3717 carthis
901 3666 954 3716 αΡ
1042 3663 1074 3714 63
1094 3660 1160 3712 enim
1179 3676 1207 3713 es

128 3732 235 3800 (fuerat
252 3737 326 3799 est)
319 3751 440 3788 iuuenum
458 3737 482 3787 P
558 3738 592 3788 64
610 3735 770 3788 cletcanthea
789 3741 813 3784 α
831 3734 939 3785 cliantea
958 3734 982 3784 P
1060 3731 1091 3782 65
1110 3729 1208 3780 miseri-

128 3818 181 3870 que
199 3804 267 3870 Ppr.
347 3806 379 3858 66
398 3820 454 3856 cras
472 3803 518 3856 liat
537 3812 560 3855 α
639 3806 671 3856 dt
691 3802 757 3854 diest
776 3810 800 3853 α
879 3804 911 3854 68
930 3799 1103 3852 externuml’
1174 3799 1206 3850 69

128 3871 177 3923 hos
197 3879 259 3938 ap:
277 3871 369 3924 hocP
435 3876 468 3926 to
487 3888 563 3940 quam
582 3887 662 3940 prope
681 3879 745 3922 sea
764 3873 954 3938 quamquam&
1023 3873 1126 3920 temone
1139 3881 1210 3918 corr

130 3956 165 3991 ecc
182 3943 288 3992 temono
308 3948 331 3991 α
350 3958 385 3992 aa
407 3943 551 3993 tenemoP
618 3944 648 3992 71
669 3941 738 3992 seP
804 3945 906 3990 cantum
926 3939 982 3989 αΡ
1061 3938 1093 3988 '13
1113 3935 1208 3986 dictiac-

126 4011 248 4074 guetant
265 4010 374 4077 quisque
392 4011 425 4060 ab
444 4013 473 4060 ut
