2656 4440
547 216 730 271 PRAEFATIO
1151 217 1175 268 V

180 390 262 451 hisce
284 389 452 463 codicibus,
481 390 527 451 rel
549 398 582 451 ut
604 391 714 453 rectius
737 389 831 452 dicam
853 390 922 451 buic
944 390 1055 464 codici,
1077 390 1175 452 addidi

182 491 208 552 P
240 493 531 572 llcntapessulanum
567 491 763 554 bibliothecae
796 492 914 554 scholae
946 492 1080 554 medicae
1113 495 1174 556 125

95 594 190 672 (carol.
212 596 275 675 pas.
292 594 305 655 l
320 614 350 675 p.
368 597 451 671 330).
474 595 606 675 scriptus
626 603 672 658 est
692 596 722 656 in
747 595 928 657 membranis
949 595 1067 658 saeculo
1092 615 1174 657 nono

95 696 125 756 in
156 697 335 758 monasterio
358 698 459 758 Sancti
481 698 594 758 Nazarii
617 697 879 770 Laureshemensi‚
909 697 988 758 unde
1011 697 1042 757 in
1066 695 1175 758 biblio·

95 798 210 857 thecam
232 799 369 858 Matthiae
392 799 554 871 cuiusdam,
578 808 679 878 postea
702 799 784 860 Petri
798 799 922 873 Pitheci,
946 797 1075 878 denique
1094 798 1176 859 Bou·

95 899 169 960 herii
202 902 346 980 peruenit.
399 901 533 962 continet
567 910 685 981 praeter
714 901 847 962 Persium
876 900 1021 962 luvenalis
1051 910 1175 962 saturos.

96 1019 111 1060 a
126 1003 255 1064 secunda
269 1020 359 1064 manu
376 1012 405 1064 et
419 1003 483 1083 ipse
498 1012 652 1065 correctus
667 1012 720 1077 est,
745 1005 830 1065 cuius
845 1003 938 1064 varias
954 1003 1098 1065 lectiones
1114 1003 1176 1064 lere

96 1122 200 1165 omnes
221 1105 373 1185 adscripsi.
411 1106 634 1185 diligentissime
650 1105 776 1166 contulit
791 1106 863 1166 mihi
878 1104 1001 1166 adolfus
1016 1104 1176 1165 Michaelis.

180 1207 211 1267 in
235 1208 342 1268 horum
366 1207 455 1267 trium
479 1207 615 1267 codicum
631 1207 808 1268 lectionibus
823 1206 1040 1285 componendis
1055 1223 1176 1285 operam

95 1327 191 1370 meam
222 1310 432 1370 continendam
461 1309 576 1389 putavi,
606 1310 716 1388 quippe
745 1309 854 1388 quibus
883 1309 953 1370 satis
982 1310 1094 1370 clarum
1118 1310 1177 1381 liat,

96 1410 233 1489 qualibus
255 1411 445 1472 librariorum
468 1410 620 1472 erroribus
642 1411 735 1472 Persii
758 1411 856 1485 verba,
878 1412 914 1472 ab
937 1411 1177 1491 interpolationi-

96 1511 153 1574 bus
176 1521 205 1573 et
218 1513 401 1591 gravioribus
415 1513 593 1594 corruptelis
608 1515 671 1575 lere
686 1514 837 1589 immunia,
860 1534 914 1595 per
930 1533 1035 1576 omnes
1050 1514 1177 1587 codices,

97 1633 225 1692 quorum
254 1617 361 1694 ingens
383 1635 526 1678 numerus
555 1625 647 1690 extat,
677 1617 757 1678 varie
786 1616 942 1696 depravata
972 1617 1041 1678 sint.
1087 1634 1179 1695 quare

96 1734 195 1794 neque
218 1716 344 1790 codices,
368 1736 494 1797 quorum
517 1719 690 1780 testimonio
713 1709 817 1779 contra
842 1718 892 1781 ol'
912 1719 999 1779 lectio
1023 1719 1178 1779 emendata

95 1818 148 1891 sit,
178 1819 303 1880 iudicavi
326 1829 356 1881 et
376 1820 525 1882 rarissime
554 1840 589 1881 ex
612 1820 765 1882 codicibus
787 1821 923 1900 pluribus
952 1819 1178 1900 paucioribusve

95 1922 137 2002 (ς)
166 1921 368 2001 discrepantes
402 1923 547 1984 lectiones
581 1923 619 1983 ob
652 1924 778 2002 aliquam
817 1941 936 1984 causam
971 1922 1179 1983 memorabiles

98 2025 249 2103 adscripsi.

184 2126 309 2205 quodsi
333 2127 432 2188 nullus
455 2127 547 2193 Persii
570 2127 663 2188 codex
685 2138 784 2189 tantae
807 2127 990 2188 auctoritatis
1013 2137 1067 2201 est,
1091 2136 1123 2188 ut
1146 2129 1177 2191 iu

57 2215 60 2219 ’
97 2230 187 2290 rebus
210 2229 307 2291 dubiis
329 2231 392 2291 eius
415 2231 533 2309 vestigia
550 2239 613 2292 tuto
630 2230 773 2309 sequaris,
796 2231 847 2292 sed
863 2248 982 2310 semper
996 2231 1077 2291 inter
1095 2249 1179 2292 com-

98 2331 197 2410 plures
227 2333 308 2410 optio
337 2350 430 2410 eaque
460 2350 521 2393 uon
551 2350 618 2392 raro
648 2333 760 2394 incerta
784 2333 886 2405 datur,
914 2332 1004 2410 longe
1027 2333 1081 2393 alia
1104 2333 1178 2393 ratio

99 2434 127 2491 in
153 2433 300 2495 lvvsmnrs
330 2435 437 2495 saturis
467 2434 659 2495 emendandis
691 2433 814 2494 obtinet.
859 2452 960 2495 earum
989 2435 1068 2494 enim
1092 2435 1179 2494 resti-

99 2534 276 2595 tuendarum
305 2535 545 2612 integerrimum,
568 2546 600 2595 ut
624 2554 705 2596 nunc
728 2546 788 2608 est,
818 2553 995 2613 quamquam
1024 2547 1053 2596 et
1081 2537 1179 2616 ipsum

99 2636 288 2696 multifariam
311 2637 501 2715 depravatum
518 2647 668 2698 auctorem
692 2636 745 2697 viri
761 2636 840 2697 docti
856 2636 891 2696 ad
907 2656 1011 2708 unum,
1036 2647 1179 2715 quantum

99 2739 199 2807 sciam,
223 2755 327 2800 omnes
349 2757 523 2818 persuasum
545 2739 658 2800 babent
679 2759 743 2801 esse
765 2739 900 2801 codicem
1164 2816 1167 2821 Ι

185 2839 212 2902 P
232 2840 301 2901 olim
325 2841 531 2916 Pitbocanum‚
558 2861 641 2903 nunc
663 2842 958 2921 blontepessulauum
984 2843 1060 2915 125,
1090 2843 1179 2905 modo

98 2942 276 3013 indicatum,
306 2961 395 3022 quem
424 2943 581 3022 diligenter
602 2943 639 3005 ab
664 2944 684 3005 l.
708 2944 741 3004 V.
765 2944 887 3005 Bertino
911 2943 1049 3006 collatum
1078 2945 1178 3007 habui.

99 3045 188 3105 altera
216 3063 321 3106 manus
344 3046 477 3106 codicem
499 3047 629 3107 radendo
658 3056 688 3108 et
710 3047 889 3126 corrigendo
910 3047 949 3107 ita
980 3047 1117 3119 mutavit,
1147 3058 1180 3110 ut

98 3147 218 3208 alterius
240 3148 367 3226 generis,
392 3148 428 3208 de
452 3167 513 3227 quo
526 3149 623 3210 statim
647 3149 806 3210 dicendum
822 3149 886 3222 erit,
910 3150 1076 3229 exemplum
1092 3169 1180 3229 prae-

99 3258 170 3321 stet,
201 3250 285 3310 cuius
314 3250 456 3312 lectiones
484 3251 523 3311 ita
551 3261 665 3312 tantum
694 3252 837 3330 adscripsi
866 3253 929 3331 (p),
958 3261 991 3312 ut
1020 3260 1179 3324 constaret,

99 3352 169 3428 quid
192 3351 262 3411 olim
286 3371 346 3412 non
372 3353 515 3432 scriptum
539 3364 617 3415 esset
638 3355 668 3414 in
694 3353 725 3414 P.
763 3354 841 3414 haud
870 3355 974 3433 paucis
1004 3353 1082 3412 enim
1107 3354 1179 3416 locis

99 3462 157 3512 tam
179 3461 302 3514 strenue
326 3455 425 3515 ollicio
448 3474 503 3517 suo
518 3457 640 3517 functus
656 3466 700 3517 est
723 3466 885 3529 corrector,
908 3464 942 3515 ut
965 3455 1064 3533 quida
1081 3455 1178 3534 primo

99 3554 219 3615 librario
241 3557 383 3637 scriptum
413 3557 464 3632 sit,
495 3567 577 3619 certo
608 3558 712 3636 dispici
744 3560 802 3618 iam
831 3564 968 3636 nequeat.
1018 3556 1125 3618 talibus
1148 3558 1178 3617 in

100 3657 172 3716 locis
195 3658 265 3718 utile
291 3659 431 3719 auxilium
462 3679 522 3721 non
553 3660 645 3722 semel
672 3669 824 3740 praestant
852 3659 962 3720 scholia
985 3656 1032 3741 (S)
1054 3659 1178 3736 margini

101 3758 262 3836 adscripta,
299 3778 428 3838 quorum
459 3762 596 3823 lemmata
630 3780 697 3822 cum
727 3760 905 3822 lectionibus
933 3760 1045 3839 primae
1075 3778 1181 3821 manus

100 3860 139 3920 ita
162 3861 362 3932 consentiunt,
387 3871 419 3923 ut
440 3863 489 3924 hic
510 3864 570 3924 illic
593 3864 680 3942 paulo
703 3864 814 3924 rectius
836 3863 944 3941 scripta
960 3863 1049 3921 verba
1064 3871 1179 3938 poetae,

101 3971 205 4022 contra
228 3959 403 4038 quibusdam
432 3964 505 4026 locis
527 3945 709 4044 aliquantum
739 3966 893 4044 depravata
923 3960 1092 4023 exhibeant.
1136 3971 1181 4023 est
