2656 4440
605 201 708 254 PERSll

275 814 336 876 Nec
359 815 441 874 fonte
462 814 543 874 labra
566 813 664 893 prolui
687 812 842 883 caballino,

279 918 335 960 nec
356 900 386 959 in
410 899 523 978 bicipiti
545 898 707 960 somniasse
730 899 859 959 Parnaso

277 984 409 1057 memini,
431 992 464 1044 ut
485 994 609 1062 repente
631 983 674 1044 sic
697 992 783 1062 pocta
806 982 974 1062 prodircm;

280 1069 527 1147 Heliconidasque
550 1069 745 1149 pallidamque
768 1069 893 1129 Pirenen

278 1155 335 1215 illis
357 1155 485 1228 remitto,
508 1172 636 1233 quorum
659 1155 802 1232 imagines
824 1152 960 1213 lambunt

279 1239 405 1300 hederae
427 1258 583 1318 sequaces:
609 1239 671 1319 ipsc
694 1240 902 1318 semipaganus

279 1325 315 1385 ad
338 1343 420 1385 sacra
442 1333 539 1385 vatum
563 1343 684 1385 carmen
707 1325 806 1385 adsero
830 1333 974 1384 nostrum.

280 1409 347 1488 quis
370 1409 516 1489 expedivit
537 1410 660 1489 psittaco
684 1427 770 1471 suum
794 1409 899 1470 chaere

279 1495 421 1574 picasque
444 1495 544 1555 docuit
565 1493 654 1555 verba
678 1503 780 1555 nostra
802 1491 928 1554 conari?

210 1716 353 1791 prologus.
401 1721 414 1774 1
440 1717 580 1775 caballino.
612 1719 713 1779 ἵππου
740 1711 841 1797 κρήνη
871 1716 945 1790 quod
967 1715 1098 1771 HeSiOdus
1132 1712 1205 1770 dicit·

128 1802 226 1858 dicitur
254 1801 325 1858 enlm
352 1803 470 1876 Pegasus
499 1803 613 1860 errando
641 1803 674 1858 ad
697 1802 852 1860 Heliconem
874 1801 1027 1876 pervenisse
1049 1799 1141 1872 ibique
1162 1797 1206 1854 siti

128 1904 273 1962 oppressus
301 1887 402 1961 ungula
431 1888 539 1953 fodisse,
570 1905 601 1944 ex
624 1905 677 1961 quo
700 1888 762 1944 loco
785 1887 847 1943 lons
870 1887 956 1943 editus
979 1885 1059 1941 llnsis
1081 1885 1116 1940 sit
1137 1900 1208 1939 con-

127 1981 256 2031 secratus.
343 1972 473 2028 caballino
501 1982 588 2030 autem
617 1973 695 2045 dicit,
725 1989 779 2028 non
808 1972 923 2046 equino,
953 1989 985 2028 eo
1009 1969 1081 2044 quod
1110 1970 1207 2025 satirae

128 2058 270 2114 humiliora
291 2057 460 2115 conveniant.
526 2060 544 2116 2
567 2059 714 2114 Parnasum
736 2057 900 2132 Delphorum
921 2063 1041 2112 montem
1064 2053 1136 2118 dicit,
1160 2053 1207 2126 qui

127 2142 209 2199 hahet
237 2143 374 2198 cacumina
401 2144 471 2207 duo,
501 2143 597 2217 Nysam
625 2142 721 2199 Libero
750 2149 898 2206 sacratum,
929 2140 1048 2197 Cirrham
1076 2137 1204 2213 Apolhm,

128 2227 200 2284 unde
222 2228 345 2283 Lucanus
368 2227 408 2301 [5,
426 2231 442 2284 7
447 2226 477 2301 2]
494 2222 619 2285 ‘cardine
636 2229 768 2284 Parnasos
790 2228 896 2300 gemino
919 2227 987 2300 petit
1004 2224 1110 2281 aethera
1126 2223 1204 2286 colle,

128 2330 206 2369 mons
227 2312 338 2369 Phoebo
361 2313 523 2386 Bromioque
544 2307 639 2369 sacer'.
673 2314 756 2386 tangit
777 2321 865 2369 autem
887 2311 1002 2366 Ennium
1025 2309 1071 2383 qui
1092 2308 1157 2364 dixit
1177 2324 1205 2363 se

128 2398 225 2454 vidisse
246 2416 295 2473 per
316 2399 452 2454 somnium
474 2398 501 2453 in
523 2399 641 2454 Parnaso
657 2398 802 2454 Homerum
823 2397 873 2453 sibi
895 2397 1034 2459 dicentem,
1059 2393 1132 2467 quod
1150 2394 1206 2450 eins

129 2484 214 2540 anima
236 2482 263 2539 in
287 2501 337 2540 suo
361 2492 432 2540 esset
453 2500 578 2558 corpore.
687 2487 705 2541 4
728 2483 823 2540 Pirene
844 2483 906 2538 lons
927 2481 954 2536 in
978 2479 1104 2536 Helicone
1125 2478 1206 2535 Musis

130 2576 313 2626 consecratus.
344 2569 468 2643 pallidam
501 2577 590 2626 autem
620 2569 681 2626 ideo
716 2570 789 2642 quod
818 2577 913 2642 poetae
935 2565 1051 2640 palleant
1072 2562 1207 2619 scribendi

129 2654 296 2712 lassitudine.
363 2658 379 2712 5
402 2653 533 2719 lambunt,
557 2654 633 2728 quasi
655 2654 746 2727 lingna
762 2660 883 2727 tergunt.
949 2650 1081 2708 (ihodera
1101 2664 1207 2722 semper

130 2740 220 2796 viridis
243 2748 285 2797 est
306 2748 334 2796 et
355 2740 417 2796 ideo
437 2740 536 2796 hedera
559 2739 760 2795 coronabantur
782 2746 886 2812 poetae,
910 2737 971 2810 quia
993 2751 1092 2790 nomen
1111 2741 1206 2807 poetae

130 2841 237 2899 semper
264 2830 363 2879 manet.
428 2841 571 2897 sequaces,
602 2825 676 2897 quod
705 2823 763 2879 sine
789 2823 842 2879 fine
871 2829 1019 2894 sequantur
1047 2827 1074 2876 et
1101 2826 1206 2891 repant.

216 2908 400 2980 semipaganus
422 2909 577 2982 semipoeta.
601 2917 628 2964 et
648 2909 701 2964 hoc
715 2907 797 2964 verbo
812 2906 903 2963 humili
924 2906 1031 2962 satirico
1046 2903 1126 2959 modo
1142 2919 1207 2958 usus

134 3001 184 3049 est.
228 2993 325 3066 pagani
346 2991 473 3048 dicuntur
494 2993 596 3059 rustici,
621 2993 666 3066 qui
688 3009 744 3048 non
766 3000 900 3049 noverunt
921 2991 1026 3046 urbem.
1115 2989 1132 3046 8
1155 2988 1208 3042 hoc

132 3076 204 3142 dicit,
228 3076 303 3150 qnod
325 3093 379 3131 non
403 3093 495 3133 omnes
518 3087 613 3134 natura
634 3095 683 3134 sua
704 3077 759 3133 sint
781 3087 885 3150 poetae,
908 3077 956 3133 sed
977 3075 1079 3132 ventris
1100 3080 1128 3129 et
1143 3088 1208 3145 ege-

132 3162 208 3219 statis
231 3161 389 3218 necessilate
411 3171 552 3235 cogantur,
576 3171 604 3219 et
623 3163 677 3219 hoc
699 3163 732 3220 de
753 3163 846 3219 avibus
869 3161 976 3236 prohat.
999 3176 1059 3216 nam
1075 3157 1209 3230 hodieque

132 3247 251 3304 videmus
272 3246 401 3321 psittacos
422 3248 571 3304 esurientes
593 3248 719 3305 vocaliter
740 3258 862 3323 strepere
883 3255 911 3304 et
928 3257 1020 3324 χαῖρε
1042 3244 1138 3299 dicere.

220 3349 299 3389 suum
325 3340 414 3388 autem
436 3335 511 3406 qnasi
532 3334 664 3390 naturale.
752 3337 769 3392 9
793 3333 895 3390 conari.
918 3341 945 3388 et
967 3328 1079 3385 blandiri
1100 3326 1209 3399 legitur.

223 3545 417 3597 Choliarnbos'
406 3562 436 3596 m
452 3546 507 3608 fine
526 3555 549 3598 α
568 3553 628 3597 anic
646 3546 656 3598 l
674 3551 794 3598 saturam
812 3547 836 3595 P
849 3546 928 3595 hobel
1014 3538 1152 3594 3Memini
1170 3555 1210 3591 me

136 3615 232 3664 utaP
309 3613 446 3679 prodierim
465 3617 489 3665 P
566 3614 780 3667 theliconiadas
797 3615 892 3663 omisso
911 3624 960 3677 que
979 3616 1002 3658 α
1021 3608 1209 3674 Eliconiadasq

135 3682 159 3731 P
224 3696 339 3748 pyrenen
357 3682 494 3733 Psirenen
515 3689 538 3732 α
650 3681 799 3735 bambiunt
817 3680 875 3731 ai.
893 3677 1008 3730 ambiunt
1025 3677 1067 3729 nel
1086 3680 1210 3728 coronant

134 3764 215 3828 super
232 3750 349 3800 lambunt
366 3754 497 3815 scriptum
514 3753 544 3800 in
561 3753 585 3801 P
663 3748 808 3832 8expediit
827 3755 850 3798 α
927 3745 1086 3812 psilachoP
1153 3758 1210 3795 cere

136 3817 227 3881 supine
245 3817 350 3881 (latoio
369 3820 554 3886 interpretcx
556 3836 585 3871 co
606 3835 621 3872 ε
644 3811 678 3872 σὺ
700 3818 774 3880 πῖνε)
798 3823 821 3866 α
844 3815 905 3866 here
922 3817 946 3865 P
965 3817 1022 3881 (qui
1044 3814 1210 3877 adscriptum

136 3885 216 3934 babel
232 3883 369 3936 Martialis
392 3824 671 3949 ustacnooxxrbtt)
778 3881 1209 3951 9P1casqueaP2Picantqueot

221 3953 300 4004 uerba
318 3957 403 4004 noslra
421 3956 453 4004 P
473 3957 560 4004 nostra
577 3890 671 4004 uerba)
674 3959 698 4002 α
