<?xml version="1.0" encoding="UTF-8"?>
<!DOCTYPE html PUBLIC "-//W3C//DTD XHTML 1.0 Transitional//EN"
    "http://www.w3.org/TR/xhtml1/DTD/xhtml1-transitional.dtd">
<html xmlns="http://www.w3.org/1999/xhtml" xml:lang="en" lang="en">
 <head>
  <title>
</title>
<meta http-equiv="Content-Type" content="text/html;charset=utf-8" />
  <meta name='ocr-system' content='tesseract 3.04.00' />
  <meta name='ocr-capabilities' content='ocr_page ocr_carea ocr_par ocr_line ocrx_word'/>
</head>
<body>
  <div class='ocr_page' id='page_1' title='image "apersiiflaccidi02sulpgoog_0115.png"; bbox 0 0 2656 4440; ppageno 0'>
   <div class='ocr_carea' id='block_1_1' title="bbox 139 246 762 304">
    <p class='ocr_par' dir='ltr' id='par_1_1' title="bbox 139 246 762 304">
     <span class='ocr_line' id='line_1_1' title="bbox 139 246 762 304; baseline -0.003 0"><span class='ocrx_word' id='word_1_1' title='bbox 139 246 179 304; x_wconf 88' lang='grc'>94</span> <span class='ocrx_word' id='word_1_2' title='bbox 589 249 762 302; x_wconf 71' lang='lat' dir='ltr'>rutundus</span> 
     </span>
    </p>
   </div>
   <div class='ocr_carea' id='block_1_2' title="bbox 134 421 1210 1100">
    <p class='ocr_par' dir='ltr' id='par_1_2' title="bbox 134 421 1210 1100">
     <span class='ocr_line' id='line_1_2' title="bbox 180 421 1210 501; baseline 0.001 -18"><span class='ocrx_word' id='word_1_3' title='bbox 180 423 225 484; x_wconf 90' lang='lat' dir='ltr'>his</span> <span class='ocrx_word' id='word_1_4' title='bbox 248 423 318 483; x_wconf 90' lang='lat' dir='ltr'>alias</span> <span class='ocrx_word' id='word_1_5' title='bbox 339 432 472 501; x_wconf 88' lang='lat' dir='ltr'>poteram</span> <span class='ocrx_word' id='word_1_6' title='bbox 497 432 527 482; x_wconf 87' lang='lat' dir='ltr'>et</span> <span class='ocrx_word' id='word_1_7' title='bbox 548 423 641 501; x_wconf 91' lang='lat' dir='ltr'>pluris</span> <span class='ocrx_word' id='word_1_8' title='bbox 663 421 841 484; x_wconf 79' lang='lat' dir='ltr'>subnectere</span> <span class='ocrx_word' id='word_1_9' title='bbox 864 442 976 485; x_wconf 89' lang='lat' dir='ltr'>causas.</span> <span class='ocrx_word' id='word_1_10' title='bbox 1170 435 1210 485; x_wconf 77' lang='lat'>315</span> 
     </span>
     <span class='ocr_line' id='line_1_3' title="bbox 137 507 985 582; baseline 0.004 -15"><span class='ocrx_word' id='word_1_11' title='bbox 137 507 188 567; x_wconf 92' lang='lat' dir='ltr'>sed</span> <span class='ocrx_word' id='word_1_12' title='bbox 211 509 343 568; x_wconf 89' lang='lat' dir='ltr'>iumenta</span> <span class='ocrx_word' id='word_1_13' title='bbox 365 517 471 567; x_wconf 87' lang='lat' dir='ltr'>vocant</span> <span class='ocrx_word' id='word_1_14' title='bbox 494 516 524 567; x_wconf 86' lang='lat' dir='ltr'>et</span> <span class='ocrx_word' id='word_1_15' title='bbox 545 508 590 569; x_wconf 91' lang='lat' dir='ltr'>sol</span> <span class='ocrx_word' id='word_1_16' title='bbox 612 508 744 581; x_wconf 84' lang='lat' dir='ltr'>inclinat,</span> <span class='ocrx_word' id='word_1_17' title='bbox 770 509 901 569; x_wconf 91' lang='lat' dir='ltr'>eundum</span> <span class='ocrx_word' id='word_1_18' title='bbox 924 520 985 582; x_wconf 87' lang='lat' dir='ltr'>est;</span> 
     </span>
     <span class='ocr_line' id='line_1_4' title="bbox 138 593 901 674; baseline 0.001 -22"><span class='ocrx_word' id='word_1_19' title='bbox 138 611 204 652; x_wconf 93' lang='lat' dir='ltr'>nam</span> <span class='ocrx_word' id='word_1_20' title='bbox 227 593 298 653; x_wconf 89' lang='lat' dir='ltr'>mihi</span> <span class='ocrx_word' id='word_1_21' title='bbox 321 602 469 652; x_wconf 90' lang='lat' dir='ltr'>commota</span> <span class='ocrx_word' id='word_1_22' title='bbox 492 593 548 652; x_wconf 90' lang='lat' dir='ltr'>iam</span> <span class='ocrx_word' id='word_1_23' title='bbox 572 593 683 654; x_wconf 93' lang='lat' dir='ltr'>dudum</span> <span class='ocrx_word' id='word_1_24' title='bbox 706 594 798 654; x_wconf 90' lang='lat' dir='ltr'>mulio</span> <span class='ocrx_word' id='word_1_25' title='bbox 820 595 901 674; x_wconf 90' lang='lat' dir='ltr'>virga</span> 
     </span>
     <span class='ocr_line' id='line_1_5' title="bbox 135 678 977 758; baseline 0.005 -22"><span class='ocrx_word' id='word_1_26' title='bbox 135 678 247 739; x_wconf 82' lang='lat' dir='ltr'><strong>adnuit.</strong></span> <span class='ocrx_word' id='word_1_27' title='bbox 291 696 363 756; x_wconf 89' lang='lat' dir='ltr'>ergo</span> <span class='ocrx_word' id='word_1_28' title='bbox 385 679 446 737; x_wconf 90' lang='lat' dir='ltr'>vale</span> <span class='ocrx_word' id='word_1_29' title='bbox 470 679 565 738; x_wconf 89' lang='lat' dir='ltr'>nostri</span> <span class='ocrx_word' id='word_1_30' title='bbox 589 696 711 751; x_wconf 88' lang='lat' dir='ltr'>memor,</span> <span class='ocrx_word' id='word_1_31' title='bbox 735 689 765 739; x_wconf 90' lang='lat' dir='ltr'>et</span> <span class='ocrx_word' id='word_1_32' title='bbox 788 681 926 758; x_wconf 89' lang='lat' dir='ltr'>quotiens</span> <span class='ocrx_word' id='word_1_33' title='bbox 948 689 977 740; x_wconf 83' lang='lat' dir='ltr'>te</span> 
     </span>
     <span class='ocr_line' id='line_1_6' title="bbox 135 763 920 843; baseline 0.001 -21"><span class='ocrx_word' id='word_1_34' title='bbox 135 763 228 823; x_wconf 87' lang='lat' dir='ltr'>Roma</span> <span class='ocrx_word' id='word_1_35' title='bbox 251 774 302 824; x_wconf 93' lang='lat' dir='ltr'>tuo</span> <span class='ocrx_word' id='word_1_36' title='bbox 325 764 408 823; x_wconf 86' lang='lat' dir='ltr'>refici</span> <span class='ocrx_word' id='word_1_37' title='bbox 430 771 642 842; x_wconf 81' lang='lat' dir='ltr'>properantem</span> <span class='ocrx_word' id='word_1_38' title='bbox 665 765 769 824; x_wconf 88' lang='lat' dir='ltr'>reddet</span> <span class='ocrx_word' id='word_1_39' title='bbox 790 766 920 843; x_wconf 82' lang='lat' dir='ltr'>Aquino,</span> 
     </span>
     <span class='ocr_line' id='line_1_7' title="bbox 135 848 1210 928; baseline 0 -20"><span class='ocrx_word' id='word_1_40' title='bbox 135 867 181 908; x_wconf 91' lang='lat' dir='ltr'>me</span> <span class='ocrx_word' id='word_1_41' title='bbox 204 867 323 927; x_wconf 89' lang='lat' dir='ltr'>quoque</span> <span class='ocrx_word' id='word_1_42' title='bbox 346 849 380 908; x_wconf 91' lang='lat' dir='ltr'>ad</span> <span class='ocrx_word' id='word_1_43' title='bbox 405 848 558 908; x_wconf 87' lang='lat' dir='ltr'>Helvinam</span> <span class='ocrx_word' id='word_1_44' title='bbox 583 848 721 909; x_wconf 84' lang='lat' dir='ltr'>Cererem</span> <span class='ocrx_word' id='word_1_45' title='bbox 742 858 929 928; x_wconf 85' lang='lat' dir='ltr'>vestramque</span> <span class='ocrx_word' id='word_1_46' title='bbox 950 850 1074 911; x_wconf 81' lang='lat' dir='ltr'>Dianam</span> <span class='ocrx_word' id='word_1_47' title='bbox 1169 859 1210 909; x_wconf 78' lang='lat'>320</span> 
     </span>
     <span class='ocr_line' id='line_1_8' title="bbox 135 932 1003 1014; baseline 0.003 -21"><span class='ocrx_word' id='word_1_48' title='bbox 135 943 275 994; x_wconf 89' lang='lat' dir='ltr'>converte</span> <span class='ocrx_word' id='word_1_49' title='bbox 298 953 313 993; x_wconf 92' lang='lat' dir='ltr'>a</span> <span class='ocrx_word' id='word_1_50' title='bbox 337 932 445 993; x_wconf 92' lang='lat' dir='ltr'>Cumis.</span> <span class='ocrx_word' id='word_1_51' title='bbox 483 944 649 994; x_wconf 89' lang='lat' dir='ltr'>saturarum</span> <span class='ocrx_word' id='word_1_52' title='bbox 673 953 738 1013; x_wconf 84' lang='lat' dir='ltr'>ego,</span> <span class='ocrx_word' id='word_1_53' title='bbox 764 936 795 996; x_wconf 94' lang='lat' dir='ltr'>ni</span> <span class='ocrx_word' id='word_1_54' title='bbox 817 935 909 1014; x_wconf 88' lang='lat' dir='ltr'>pudet</span> <span class='ocrx_word' id='word_1_55' title='bbox 930 935 1003 1007; x_wconf 80' lang='lat' dir='ltr'>illas,</span> 
     </span>
     <span class='ocr_line' id='line_1_9' title="bbox 134 1013 872 1100; baseline 0.004 -23"><span class='ocrx_word' id='word_1_56' title='bbox 134 1018 251 1079; x_wconf 89' lang='lat' dir='ltr'>adiutor</span> <span class='ocrx_word' id='word_1_57' title='bbox 274 1019 386 1099; x_wconf 90' lang='lat' dir='ltr'>gelidos</span> <span class='ocrx_word' id='word_1_58' title='bbox 408 1018 524 1079; x_wconf 88' lang='lat' dir='ltr'>veniam</span> <span class='ocrx_word' id='word_1_59' title='bbox 548 1019 689 1096; x_wconf 84' lang='lat' dir='ltr'>caligatus</span> <span class='ocrx_word' id='word_1_60' title='bbox 712 1020 742 1079; x_wconf 93' lang='lat' dir='ltr'>in</span> <span class='ocrx_word' id='word_1_61' title='bbox 767 1013 872 1100; x_wconf 76' lang='lat' dir='ltr'>agros.³</span> 
     </span>
    </p>
   </div>
   <div class='ocr_carea' id='block_1_3' title="bbox 582 1303 764 1356">
    <p class='ocr_par' dir='ltr' id='par_1_3' title="bbox 582 1303 764 1356">
     <span class='ocr_line' id='line_1_10' title="bbox 582 1303 764 1356; baseline -0.016 0"><span class='ocrx_word' id='word_1_62' title='bbox 582 1303 711 1356; x_wconf 72' lang='lat' dir='ltr'>SATVRA</span> <span class='ocrx_word' id='word_1_63' title='bbox 730 1303 764 1355; x_wconf 99' lang='grc' dir='ltr'><em>Ν</em></span> 
     </span>
    </p>
   </div>
   <div class='ocr_carea' id='block_1_4' title="bbox 130 1405 1025 1913">
    <p class='ocr_par' dir='ltr' id='par_1_4' title="bbox 131 1405 1025 1573">
     <span class='ocr_line' id='line_1_11' title="bbox 132 1405 1025 1488; baseline 0.004 -22"><span class='ocrx_word' id='word_1_64' title='bbox 132 1405 210 1468; x_wconf 88' lang='lat' dir='ltr'>Ecce</span> <span class='ocrx_word' id='word_1_65' title='bbox 233 1409 340 1468; x_wconf 89' lang='lat' dir='ltr'>iterum</span> <span class='ocrx_word' id='word_1_66' title='bbox 364 1409 527 1488; x_wconf 83' lang='lat' dir='ltr'>Crispinus,</span> <span class='ocrx_word' id='word_1_67' title='bbox 552 1418 582 1470; x_wconf 90' lang='lat' dir='ltr'>et</span> <span class='ocrx_word' id='word_1_68' title='bbox 603 1418 648 1469; x_wconf 88' lang='lat' dir='ltr'>est</span> <span class='ocrx_word' id='word_1_69' title='bbox 669 1407 740 1467; x_wconf 91' lang='lat' dir='ltr'>mihi</span> <span class='ocrx_word' id='word_1_70' title='bbox 763 1427 853 1488; x_wconf 88' lang='lat' dir='ltr'>saepe</span> <span class='ocrx_word' id='word_1_71' title='bbox 874 1409 1025 1470; x_wconf 86' lang='lat' dir='ltr'>vocandus</span> 
     </span>
     <span class='ocr_line' id='line_1_12' title="bbox 131 1491 936 1573; baseline 0.004 -23"><span class='ocrx_word' id='word_1_72' title='bbox 131 1491 166 1550; x_wconf 88' lang='lat' dir='ltr'>ad</span> <span class='ocrx_word' id='word_1_73' title='bbox 190 1502 299 1572; x_wconf 81' lang='lat' dir='ltr'>partes</span> <span class='ocrx_word' id='word_1_74' title='bbox 323 1503 490 1555; x_wconf 84' lang='lat' dir='ltr'>monstrum</span> <span class='ocrx_word' id='word_1_75' title='bbox 514 1495 596 1555; x_wconf 91' lang='lat' dir='ltr'>nulla</span> <span class='ocrx_word' id='word_1_76' title='bbox 617 1494 724 1554; x_wconf 88' lang='lat' dir='ltr'>virtute</span> <span class='ocrx_word' id='word_1_77' title='bbox 747 1495 936 1573; x_wconf 89' lang='lat' dir='ltr'>redemptum</span> 
     </span>
    </p>

    <p class='ocr_par' dir='ltr' id='par_1_5' title="bbox 132 1578 792 1658">
     <span class='ocr_line' id='line_1_13' title="bbox 132 1578 792 1658; baseline 0.009 -23"><span class='ocrx_word' id='word_1_78' title='bbox 132 1594 148 1635; x_wconf 90' lang='lat' dir='ltr'>a</span> <span class='ocrx_word' id='word_1_79' title='bbox 170 1578 256 1650; x_wconf 82' lang='lat' dir='ltr'>vitiis,</span> <span class='ocrx_word' id='word_1_80' title='bbox 279 1596 384 1658; x_wconf 81' lang='lat' dir='ltr'>aegrae</span> <span class='ocrx_word' id='word_1_81' title='bbox 407 1580 531 1658; x_wconf 91' lang='lat' dir='ltr'>solaque</span> <span class='ocrx_word' id='word_1_82' title='bbox 554 1578 676 1639; x_wconf 88' lang='lat' dir='ltr'>libidine</span> <span class='ocrx_word' id='word_1_83' title='bbox 699 1579 792 1641; x_wconf 87' lang='lat' dir='ltr'>fortes</span> 
     </span>
    </p>

    <p class='ocr_par' dir='ltr' id='par_1_6' title="bbox 131 1663 850 1742">
     <span class='ocr_line' id='line_1_14' title="bbox 131 1663 850 1742; baseline 0.006 -22"><span class='ocrx_word' id='word_1_84' title='bbox 131 1663 264 1733; x_wconf 82' lang='lat' dir='ltr'>deliciae,</span> <span class='ocrx_word' id='word_1_85' title='bbox 290 1664 391 1725; x_wconf 87' lang='lat' dir='ltr'>viduas</span> <span class='ocrx_word' id='word_1_86' title='bbox 405 1672 521 1726; x_wconf 84' lang='lat' dir='ltr'>tantum</span> <span class='ocrx_word' id='word_1_87' title='bbox 544 1671 704 1742; x_wconf 90' lang='lat' dir='ltr'>spernatur</span> <span class='ocrx_word' id='word_1_88' title='bbox 726 1664 850 1724; x_wconf 88' lang='lat' dir='ltr'>adulter.</span> 
     </span>
    </p>

    <p class='ocr_par' dir='ltr' id='par_1_7' title="bbox 130 1748 965 1913">
     <span class='ocr_line' id='line_1_15' title="bbox 131 1748 862 1828; baseline 0.003 -22"><span class='ocrx_word' id='word_1_89' title='bbox 131 1748 202 1823; x_wconf 91' lang='lat' dir='ltr'>quid</span> <span class='ocrx_word' id='word_1_90' title='bbox 225 1749 317 1808; x_wconf 80' lang='lat' dir='ltr'>refert</span> <span class='ocrx_word' id='word_1_91' title='bbox 339 1749 438 1827; x_wconf 83' lang='lat' dir='ltr'>igitur,</span> <span class='ocrx_word' id='word_1_92' title='bbox 463 1750 580 1828; x_wconf 90' lang='lat' dir='ltr'>quantis</span> <span class='ocrx_word' id='word_1_93' title='bbox 604 1749 736 1809; x_wconf 89' lang='lat' dir='ltr'>iumenta</span> <span class='ocrx_word' id='word_1_94' title='bbox 758 1750 862 1827; x_wconf 79' lang='lat' dir='ltr'>fatiget</span> 
     </span>
     <span class='ocr_line' id='line_1_16' title="bbox 130 1832 965 1913; baseline 0.001 -22"><span class='ocrx_word' id='word_1_95' title='bbox 130 1832 304 1909; x_wconf 84' lang='lat' dir='ltr'>porticibus,</span> <span class='ocrx_word' id='word_1_96' title='bbox 329 1842 437 1913; x_wconf 87' lang='lat' dir='ltr'>quanta</span> <span class='ocrx_word' id='word_1_97' title='bbox 461 1852 618 1896; x_wconf 88' lang='lat' dir='ltr'>nemorum</span> <span class='ocrx_word' id='word_1_98' title='bbox 639 1843 773 1895; x_wconf 78' lang='lat' dir='ltr'>vectetur</span> <span class='ocrx_word' id='word_1_99' title='bbox 796 1835 827 1894; x_wconf 96' lang='lat' dir='ltr'>in</span> <span class='ocrx_word' id='word_1_100' title='bbox 850 1833 965 1907; x_wconf 88' lang='lat' dir='ltr'>umbra,</span> 
     </span>
    </p>
   </div>
   <div class='ocr_carea' id='block_1_5' title="bbox 123 2029 1209 3390">
    <p class='ocr_par' dir='ltr' id='par_1_8' title="bbox 129 2029 1208 2196">
     <span class='ocr_line' id='line_1_17' title="bbox 129 2029 1208 2113; baseline -0.001 -18"><span class='ocrx_word' id='word_1_101' title='bbox 129 2047 156 2095; x_wconf 89' lang='lat' dir='ltr'>et</span> <span class='ocrx_word' id='word_1_102' title='bbox 177 2038 309 2096; x_wconf 88' lang='lat' dir='ltr'>Salustius</span> <span class='ocrx_word' id='word_1_103' title='bbox 332 2039 406 2113; x_wconf 82' lang='lat' dir='ltr'>[Cot.</span> <span class='ocrx_word' id='word_1_104' title='bbox 430 2039 481 2113; x_wconf 84' lang='lat'>55]</span> <span class='ocrx_word' id='word_1_105' title='bbox 503 2040 632 2097; x_wconf 89' lang='lat' dir='ltr'>meminit.</span> <span class='ocrx_word' id='word_1_106' title='bbox 666 2029 674 2043; x_wconf 80' lang='grc'><strong><em>’</em></strong></span> <span class='ocrx_word' id='word_1_107' title='bbox 762 2043 821 2099; x_wconf 84' lang='grc'>315</span> <span class='ocrx_word' id='word_1_108' title='bbox 846 2039 971 2097; x_wconf 88' lang='lat' dir='ltr'>Vmbrieii</span> <span class='ocrx_word' id='word_1_109' title='bbox 991 2038 1093 2097; x_wconf 87' lang='lat' dir='ltr'>scilicet</span> <span class='ocrx_word' id='word_1_110' title='bbox 1113 2037 1208 2096; x_wconf 86' lang='lat' dir='ltr'>verba:</span> 
     </span>
     <span class='ocr_line' id='line_1_18' title="bbox 129 2124 1208 2196; baseline 0.001 -17"><span class='ocrx_word' id='word_1_111' title='bbox 129 2133 251 2196; x_wconf 85' lang='lat' dir='ltr'>poteram</span> <span class='ocrx_word' id='word_1_112' title='bbox 274 2133 301 2181; x_wconf 89' lang='lat' dir='ltr'>et</span> <span class='ocrx_word' id='word_1_113' title='bbox 322 2124 371 2181; x_wconf 92' lang='lat' dir='ltr'>alia</span> <span class='ocrx_word' id='word_1_114' title='bbox 393 2126 562 2182; x_wconf 90' lang='lat' dir='ltr'>incommoda</span> <span class='ocrx_word' id='word_1_115' title='bbox 584 2124 660 2181; x_wconf 92' lang='lat' dir='ltr'>urbis</span> <span class='ocrx_word' id='word_1_116' title='bbox 682 2125 780 2189; x_wconf 89' lang='lat' dir='ltr'>dicere,</span> <span class='ocrx_word' id='word_1_117' title='bbox 805 2127 855 2182; x_wconf 90' lang='lat' dir='ltr'>nisi</span> <span class='ocrx_word' id='word_1_118' title='bbox 877 2124 998 2181; x_wconf 87' lang='lat' dir='ltr'>animalia</span> <span class='ocrx_word' id='word_1_119' title='bbox 1013 2141 1056 2182; x_wconf 87' lang='lat' dir='ltr'>mo</span> <span class='ocrx_word' id='word_1_120' title='bbox 1072 2135 1208 2181; x_wconf 88' lang='lat' dir='ltr'>vocarent.</span> 
     </span>
    </p>

    <p class='ocr_par' dir='ltr' id='par_1_9' title="bbox 125 2209 1209 2520">
     <span class='ocr_line' id='line_1_19' title="bbox 215 2209 1207 2273; baseline -0.004 -5"><span class='ocrx_word' id='word_1_121' title='bbox 215 2212 275 2268; x_wconf 82' lang='lat'>317</span> <span class='ocrx_word' id='word_1_122' title='bbox 300 2210 388 2267; x_wconf 91' lang='lat' dir='ltr'>innuit</span> <span class='ocrx_word' id='word_1_123' title='bbox 408 2210 491 2266; x_wconf 77' lang='lat' dir='ltr'>madio</span> <span class='ocrx_word' id='word_1_124' title='bbox 514 2211 619 2267; x_wconf 85' lang='lat' dir='ltr'>raedae.</span> <span class='ocrx_word' id='word_1_125' title='bbox 736 2213 796 2268; x_wconf 88' lang='grc'>319</span> <span class='ocrx_word' id='word_1_126' title='bbox 820 2210 882 2267; x_wconf 88' lang='lat' dir='ltr'>inde</span> <span class='ocrx_word' id='word_1_127' title='bbox 904 2211 974 2267; x_wconf 90' lang='lat' dir='ltr'>enim</span> <span class='ocrx_word' id='word_1_128' title='bbox 996 2209 1046 2265; x_wconf 86' lang='lat' dir='ltr'>luit</span> <span class='ocrx_word' id='word_1_129' title='bbox 1068 2209 1207 2273; x_wconf 87' lang='lat' dir='ltr'>luvenalis,</span> 
     </span>
     <span class='ocr_line' id='line_1_20' title="bbox 129 2292 1208 2369; baseline 0.001 -21"><span class='ocrx_word' id='word_1_130' title='bbox 129 2295 161 2350; x_wconf 89' lang='lat' dir='ltr'>de</span> <span class='ocrx_word' id='word_1_131' title='bbox 190 2294 296 2368; x_wconf 79' lang='lat' dir='ltr'>Aquino</span> <span class='ocrx_word' id='word_1_132' title='bbox 326 2296 430 2352; x_wconf 86' lang='lat' dir='ltr'>civitate</span> <span class='ocrx_word' id='word_1_133' title='bbox 460 2295 626 2369; x_wconf 84' lang='lat' dir='ltr'>Campaniae.</span> <span class='ocrx_word' id='word_1_134' title='bbox 757 2296 817 2354; x_wconf 93' lang='grc'>320</span> <span class='ocrx_word' id='word_1_135' title='bbox 848 2294 985 2350; x_wconf 87' lang='lat' dir='ltr'>Helvinam</span> <span class='ocrx_word' id='word_1_136' title='bbox 1009 2294 1142 2352; x_wconf 86' lang='lat' dir='ltr'>Cererem.</span> <span class='ocrx_word' id='word_1_137' title='bbox 1172 2292 1208 2349; x_wconf 92' lang='lat' dir='ltr'>ibi</span> 
     </span>
     <span class='ocr_line' id='line_1_21' title="bbox 127 2379 1209 2454; baseline 0 -20"><span class='ocrx_word' id='word_1_138' title='bbox 127 2396 243 2453; x_wconf 89' lang='lat' dir='ltr'>namque</span> <span class='ocrx_word' id='word_1_139' title='bbox 265 2382 336 2454; x_wconf 91' lang='lat' dir='ltr'>apud</span> <span class='ocrx_word' id='word_1_140' title='bbox 357 2381 494 2454; x_wconf 79' lang='lat' dir='ltr'>Aquinum</span> <span class='ocrx_word' id='word_1_141' title='bbox 516 2381 612 2437; x_wconf 87' lang='lat' dir='ltr'>colunt</span> <span class='ocrx_word' id='word_1_142' title='bbox 632 2381 742 2438; x_wconf 90' lang='lat' dir='ltr'>numina</span> <span class='ocrx_word' id='word_1_143' title='bbox 765 2397 855 2437; x_wconf 88' lang='lat' dir='ltr'>earum</span> <span class='ocrx_word' id='word_1_144' title='bbox 877 2380 997 2444; x_wconf 87' lang='lat' dir='ltr'>dearum,</span> <span class='ocrx_word' id='word_1_145' title='bbox 1022 2396 1090 2453; x_wconf 90' lang='lat' dir='ltr'>qnae</span> <span class='ocrx_word' id='word_1_146' title='bbox 1113 2379 1209 2437; x_wconf 87' lang='lat' dir='ltr'>colunt</span> 
     </span>
     <span class='ocr_line' id='line_1_22' title="bbox 125 2464 274 2520; baseline 0 0"><span class='ocrx_word' id='word_1_147' title='bbox 125 2466 153 2520; x_wconf 94' lang='lat' dir='ltr'>in</span> <span class='ocrx_word' id='word_1_148' title='bbox 175 2464 274 2520; x_wconf 83' lang='lat' dir='ltr'>Galliis.</span> 
     </span>
    </p>

    <p class='ocr_par' dir='ltr' id='par_1_10' title="bbox 123 2547 1207 3390">
     <span class='ocr_line' id='line_1_23' title="bbox 211 2547 1207 2624; baseline 0.002 -20"><span class='ocrx_word' id='word_1_149' title='bbox 211 2551 245 2605; x_wconf 91' lang='grc' dir='ltr'><em>Ν</em></span> <span class='ocrx_word' id='word_1_150' title='bbox 267 2551 299 2607; x_wconf 89' lang='lat' dir='ltr'>de</span> <span class='ocrx_word' id='word_1_151' title='bbox 322 2551 444 2608; x_wconf 88' lang='lat' dir='ltr'>convivio</span> <span class='ocrx_word' id='word_1_152' title='bbox 468 2551 617 2608; x_wconf 84' lang='lat' dir='ltr'>Domitiani.</span> <span class='ocrx_word' id='word_1_153' title='bbox 707 2555 720 2608; x_wconf 92' lang='lat' dir='ltr'>l</span> <span class='ocrx_word' id='word_1_154' title='bbox 747 2551 897 2624; x_wconf 87' lang='lat' dir='ltr'>Crispinum</span> <span class='ocrx_word' id='word_1_155' title='bbox 914 2549 985 2614; x_wconf 89' lang='lat' dir='ltr'>dicit,</span> <span class='ocrx_word' id='word_1_156' title='bbox 1009 2549 1056 2622; x_wconf 89' lang='lat' dir='ltr'>qui</span> <span class='ocrx_word' id='word_1_157' title='bbox 1070 2547 1118 2606; x_wconf 83' lang='lat' dir='ltr'>su&#39;a</span> <span class='ocrx_word' id='word_1_158' title='bbox 1134 2559 1207 2606; x_wconf 89' lang='lat' dir='ltr'>terra</span> 
     </span>
     <span class='ocr_line' id='line_1_24' title="bbox 128 2634 1206 2711; baseline -0.001 -20"><span class='ocrx_word' id='word_1_159' title='bbox 128 2641 250 2711; x_wconf 73' lang='lat' dir='ltr'>Aegypto</span> <span class='ocrx_word' id='word_1_160' title='bbox 282 2637 468 2710; x_wconf 78' lang='lat' dir='ltr'>egentissimus</span> <span class='ocrx_word' id='word_1_161' title='bbox 497 2636 548 2693; x_wconf 88' lang='lat' dir='ltr'>luit</span> <span class='ocrx_word' id='word_1_162' title='bbox 575 2647 602 2693; x_wconf 87' lang='lat' dir='ltr'>et</span> <span class='ocrx_word' id='word_1_163' title='bbox 630 2645 725 2710; x_wconf 87' lang='lat' dir='ltr'>postea</span> <span class='ocrx_word' id='word_1_164' title='bbox 752 2635 839 2694; x_wconf 90' lang='lat' dir='ltr'>lactus</span> <span class='ocrx_word' id='word_1_165' title='bbox 868 2643 909 2692; x_wconf 89' lang='lat' dir='ltr'>est</span> <span class='ocrx_word' id='word_1_166' title='bbox 935 2634 1062 2708; x_wconf 86' lang='lat' dir='ltr'>magister</span> <span class='ocrx_word' id='word_1_167' title='bbox 1084 2635 1206 2709; x_wconf 86' lang='lat' dir='ltr'>equitum</span> 
     </span>
     <span class='ocr_line' id='line_1_25' title="bbox 124 2719 1206 2796; baseline -0.001 -20"><span class='ocrx_word' id='word_1_168' title='bbox 124 2721 247 2777; x_wconf 88' lang='lat' dir='ltr'>Neronis.</span> <span class='ocrx_word' id='word_1_169' title='bbox 340 2738 355 2777; x_wconf 90' lang='lat' dir='ltr'>a</span> <span class='ocrx_word' id='word_1_170' title='bbox 377 2739 420 2778; x_wconf 91' lang='lat' dir='ltr'>me</span> <span class='ocrx_word' id='word_1_171' title='bbox 442 2723 593 2787; x_wconf 87' lang='lat' dir='ltr'>vocandus,</span> <span class='ocrx_word' id='word_1_172' title='bbox 624 2722 649 2778; x_wconf 94' lang='lat' dir='ltr'>id</span> <span class='ocrx_word' id='word_1_173' title='bbox 673 2730 714 2778; x_wconf 91' lang='lat' dir='ltr'>est</span> <span class='ocrx_word' id='word_1_174' title='bbox 736 2722 783 2796; x_wconf 91' lang='lat' dir='ltr'>qui</span> <span class='ocrx_word' id='word_1_175' title='bbox 804 2737 885 2796; x_wconf 87' lang='lat' dir='ltr'>saepe</span> <span class='ocrx_word' id='word_1_176' title='bbox 906 2720 976 2776; x_wconf 86' lang='lat' dir='ltr'>vitiis</span> <span class='ocrx_word' id='word_1_177' title='bbox 998 2719 1081 2793; x_wconf 90' lang='lat' dir='ltr'>ipsius</span> <span class='ocrx_word' id='word_1_178' title='bbox 1104 2720 1206 2776; x_wconf 80' lang='lat' dir='ltr'>excitor</span> 
     </span>
     <span class='ocr_line' id='line_1_26' title="bbox 124 2797 1205 2880; baseline -0.001 -20"><span class='ocrx_word' id='word_1_179' title='bbox 124 2816 155 2861; x_wconf 86' lang='lat' dir='ltr'>ut</span> <span class='ocrx_word' id='word_1_180' title='bbox 178 2806 286 2861; x_wconf 86' lang='lat' dir='ltr'>crimina</span> <span class='ocrx_word' id='word_1_181' title='bbox 308 2807 392 2879; x_wconf 90' lang='lat' dir='ltr'>ipsius</span> <span class='ocrx_word' id='word_1_182' title='bbox 415 2806 508 2863; x_wconf 89' lang='lat' dir='ltr'>dicam.</span> <span class='ocrx_word' id='word_1_183' title='bbox 532 2823 597 2880; x_wconf 88' lang='lat' dir='ltr'>crgo</span> <span class='ocrx_word' id='word_1_184' title='bbox 618 2797 727 2863; x_wconf 84' lang='lat' dir='ltr'>‘iterum</span> <span class='ocrx_word' id='word_1_185' title='bbox 743 2801 900 2880; x_wconf 90' lang='lat' dir='ltr'>Crispinus’.</span> <span class='ocrx_word' id='word_1_186' title='bbox 989 2805 1007 2861; x_wconf 90' lang='grc'>2</span> <span class='ocrx_word' id='word_1_187' title='bbox 1031 2805 1124 2861; x_wconf 85' lang='lat' dir='ltr'>autad</span> <span class='ocrx_word' id='word_1_188' title='bbox 1139 2821 1205 2878; x_wconf 90' lang='lat' dir='ltr'>par-</span> 
     </span>
     <span class='ocr_line' id='line_1_27' title="bbox 126 2889 1204 2964; baseline -0.001 -19"><span class='ocrx_word' id='word_1_189' title='bbox 126 2900 166 2946; x_wconf 87' lang='lat' dir='ltr'>tes</span> <span class='ocrx_word' id='word_1_190' title='bbox 188 2889 264 2963; x_wconf 89' lang='lat' dir='ltr'>quasi</span> <span class='ocrx_word' id='word_1_191' title='bbox 287 2890 449 2953; x_wconf 86' lang='lat' dir='ltr'>comoediae,</span> <span class='ocrx_word' id='word_1_192' title='bbox 474 2908 543 2963; x_wconf 91' lang='lat' dir='ltr'>quae</span> <span class='ocrx_word' id='word_1_193' title='bbox 565 2891 665 2948; x_wconf 86' lang='lat' dir='ltr'>multae</span> <span class='ocrx_word' id='word_1_194' title='bbox 687 2891 798 2947; x_wconf 90' lang='lat' dir='ltr'>suntin</span> <span class='ocrx_word' id='word_1_195' title='bbox 822 2907 884 2956; x_wconf 89' lang='lat' dir='ltr'>una,</span> <span class='ocrx_word' id='word_1_196' title='bbox 907 2898 954 2946; x_wconf 88' lang='lat' dir='ltr'>aut</span> <span class='ocrx_word' id='word_1_197' title='bbox 974 2890 1007 2945; x_wconf 90' lang='lat' dir='ltr'>ad</span> <span class='ocrx_word' id='word_1_198' title='bbox 1022 2899 1113 2964; x_wconf 86' lang='lat' dir='ltr'>partes</span> <span class='ocrx_word' id='word_1_199' title='bbox 1128 2891 1204 2963; x_wconf 91' lang='lat' dir='ltr'>quasi</span> 
     </span>
     <span class='ocr_line' id='line_1_28' title="bbox 124 2965 1202 3048; baseline 0 -18"><span class='ocrx_word' id='word_1_200' title='bbox 124 2974 237 3030; x_wconf 90' lang='lat' dir='ltr'>convivii</span> <span class='ocrx_word' id='word_1_201' title='bbox 266 2982 293 3030; x_wconf 87' lang='lat' dir='ltr'>et</span> <span class='ocrx_word' id='word_1_202' title='bbox 321 2973 492 3047; x_wconf 88' lang='lat' dir='ltr'>epulationis.</span> <span class='ocrx_word' id='word_1_203' title='bbox 521 2975 556 3030; x_wconf 84' lang='lat' dir='ltr'>ita</span> <span class='ocrx_word' id='word_1_204' title='bbox 585 2985 612 3031; x_wconf 89' lang='lat' dir='ltr'>et</span> <span class='ocrx_word' id='word_1_205' title='bbox 634 2975 751 3033; x_wconf 90' lang='lat' dir='ltr'>Serenus</span> <span class='ocrx_word' id='word_1_206' title='bbox 772 2974 842 3033; x_wconf 91' lang='lat' dir='ltr'>libro</span> <span class='ocrx_word' id='word_1_207' title='bbox 865 2977 886 3033; x_wconf 96' lang='lat' dir='ltr'>ll</span> <span class='ocrx_word' id='word_1_208' title='bbox 908 2976 945 3032; x_wconf 92' lang='lat' dir='ltr'>ait</span> <span class='ocrx_word' id='word_1_209' title='bbox 963 2965 1032 3031; x_wconf 85' lang='lat' dir='ltr'>tnon</span> <span class='ocrx_word' id='word_1_210' title='bbox 1056 2973 1152 3048; x_wconf 87' lang='lat' dir='ltr'>dignus</span> <span class='ocrx_word' id='word_1_211' title='bbox 1175 2975 1202 3030; x_wconf 93' lang='lat' dir='ltr'>in</span> 
     </span>
     <span class='ocr_line' id='line_1_29' title="bbox 124 3049 1203 3136; baseline 0 -21"><span class='ocrx_word' id='word_1_212' title='bbox 124 3076 205 3134; x_wconf 90' lang='lat' dir='ltr'>quem</span> <span class='ocrx_word' id='word_1_213' title='bbox 228 3057 338 3116; x_wconf 90' lang='lat' dir='ltr'>debeam</span> <span class='ocrx_word' id='word_1_214' title='bbox 360 3069 477 3117; x_wconf 89' lang='lat' dir='ltr'>saturam</span> <span class='ocrx_word' id='word_1_215' title='bbox 500 3059 629 3117; x_wconf 79' lang='lat' dir='ltr'>calentem</span> <span class='ocrx_word' id='word_1_216' title='bbox 651 3049 815 3136; x_wconf 80' lang='lat' dir='ltr'>adcingere’.</span> <span class='ocrx_word' id='word_1_217' title='bbox 923 3060 956 3117; x_wconf 89' lang='lat' dir='ltr'>ad</span> <span class='ocrx_word' id='word_1_218' title='bbox 978 3061 1203 3134; x_wconf 87' lang='lat' dir='ltr'>vituperationem</span> 
     </span>
     <span class='ocr_line' id='line_1_30' title="bbox 125 3145 1202 3221; baseline -0.001 -20"><span class='ocrx_word' id='word_1_219' title='bbox 125 3145 215 3219; x_wconf 91' lang='lat' dir='ltr'>operis</span> <span class='ocrx_word' id='word_1_220' title='bbox 237 3145 298 3202; x_wconf 91' lang='lat' dir='ltr'>mei.</span> <span class='ocrx_word' id='word_1_221' title='bbox 320 3145 475 3219; x_wconf 86' lang='lat' dir='ltr'>metaphora</span> <span class='ocrx_word' id='word_1_222' title='bbox 499 3162 513 3201; x_wconf 92' lang='lat' dir='ltr'>a</span> <span class='ocrx_word' id='word_1_223' title='bbox 536 3146 682 3202; x_wconf 89' lang='lat' dir='ltr'>comoedis.</span> <span class='ocrx_word' id='word_1_224' title='bbox 704 3155 752 3203; x_wconf 90' lang='lat' dir='ltr'>aut</span> <span class='ocrx_word' id='word_1_225' title='bbox 774 3158 846 3203; x_wconf 82' lang='lat' dir='ltr'>certe</span> <span class='ocrx_word' id='word_1_226' title='bbox 869 3147 931 3221; x_wconf 89' lang='lat' dir='ltr'>quia</span> <span class='ocrx_word' id='word_1_227' title='bbox 953 3147 1065 3202; x_wconf 89' lang='lat' dir='ltr'>scaenici</span> <span class='ocrx_word' id='word_1_228' title='bbox 1088 3147 1121 3203; x_wconf 89' lang='lat' dir='ltr'>ad</span> <span class='ocrx_word' id='word_1_229' title='bbox 1136 3163 1202 3219; x_wconf 89' lang='lat' dir='ltr'>par·</span> 
     </span>
     <span class='ocr_line' id='line_1_31' title="bbox 123 3221 1202 3306; baseline 0 -20"><span class='ocrx_word' id='word_1_230' title='bbox 123 3239 164 3286; x_wconf 91' lang='lat' dir='ltr'>tes</span> <span class='ocrx_word' id='word_1_231' title='bbox 192 3247 253 3287; x_wconf 92' lang='lat' dir='ltr'>suas</span> <span class='ocrx_word' id='word_1_232' title='bbox 276 3229 364 3287; x_wconf 85' lang='lat' dir='ltr'>solent</span> <span class='ocrx_word' id='word_1_233' title='bbox 386 3230 483 3287; x_wconf 88' lang='lat' dir='ltr'>vocari.</span> <span class='ocrx_word' id='word_1_234' title='bbox 594 3233 611 3288; x_wconf 87' lang='lat'><strong>3</strong></span> <span class='ocrx_word' id='word_1_235' title='bbox 634 3231 730 3305; x_wconf 85' lang='lat' dir='ltr'>figura.</span> <span class='ocrx_word' id='word_1_236' title='bbox 754 3233 818 3306; x_wconf 91' lang='lat' dir='ltr'>quid</span> <span class='ocrx_word' id='word_1_237' title='bbox 841 3241 883 3289; x_wconf 92' lang='lat' dir='ltr'>est</span> <span class='ocrx_word' id='word_1_238' title='bbox 906 3229 1067 3304; x_wconf 74' lang='lat' dir='ltr'>Crispinus?</span> <span class='ocrx_word' id='word_1_239' title='bbox 1093 3221 1202 3304; x_wconf 85' lang='lat' dir='ltr'>‘aegrae</span> 
     </span>
     <span class='ocr_line' id='line_1_32' title="bbox 123 3304 1200 3390; baseline 0.001 -20"><span class='ocrx_word' id='word_1_240' title='bbox 123 3315 234 3390; x_wconf 90' lang='lat' dir='ltr'>solaque</span> <span class='ocrx_word' id='word_1_241' title='bbox 256 3313 366 3372; x_wconf 92' lang='lat' dir='ltr'>libidine</span> <span class='ocrx_word' id='word_1_242' title='bbox 386 3314 472 3373; x_wconf 86' lang='lat' dir='ltr'>lortes</span> <span class='ocrx_word' id='word_1_243' title='bbox 494 3304 622 3373; x_wconf 83' lang='lat' dir='ltr'>deliciae&#39;.</span> <span class='ocrx_word' id='word_1_244' title='bbox 711 3320 728 3375; x_wconf 85' lang='grc'><strong>6</strong></span> <span class='ocrx_word' id='word_1_245' title='bbox 751 3317 883 3381; x_wconf 86' lang='lat' dir='ltr'>virdiaria,</span> <span class='ocrx_word' id='word_1_246' title='bbox 906 3315 954 3371; x_wconf 91' lang='lat' dir='ltr'>ubi</span> <span class='ocrx_word' id='word_1_247' title='bbox 974 3313 1063 3370; x_wconf 89' lang='lat' dir='ltr'>solent</span> <span class='ocrx_word' id='word_1_248' title='bbox 1084 3327 1200 3388; x_wconf 86' lang='lat' dir='ltr'>gestare.</span> 
     </span>
    </p>
   </div>
   <div class='ocr_carea' id='block_1_6' title="bbox 117 3513 1201 3850">
    <p class='ocr_par' dir='ltr' id='par_1_11' title="bbox 122 3513 1201 3651">
     <span class='ocr_line' id='line_1_33' title="bbox 210 3513 1199 3581; baseline -0.001 -17"><span class='ocrx_word' id='word_1_249' title='bbox 210 3515 259 3565; x_wconf 81' lang='grc'>317</span> <span class='ocrx_word' id='word_1_250' title='bbox 278 3513 416 3565; x_wconf 86' lang='lat' dir='ltr'>iandndnm</span> <span class='ocrx_word' id='word_1_251' title='bbox 434 3515 459 3565; x_wconf 87' lang='lat' dir='ltr'><em>P</em></span> <span class='ocrx_word' id='word_1_252' title='bbox 472 3513 553 3565; x_wconf 85' lang='lat' dir='ltr'>iamd·</span> <span class='ocrx_word' id='word_1_253' title='bbox 568 3532 589 3581; x_wconf 80' lang='lat' dir='ltr'>p</span> <span class='ocrx_word' id='word_1_254' title='bbox 688 3518 736 3568; x_wconf 83' lang='lat'>320</span> <span class='ocrx_word' id='word_1_255' title='bbox 755 3519 919 3581; x_wconf 85' lang='lat' dir='ltr'>uestramque</span> <span class='ocrx_word' id='word_1_256' title='bbox 938 3517 981 3562; x_wconf 84' lang='lat' dir='ltr'>w:</span> <span class='ocrx_word' id='word_1_257' title='bbox 1000 3516 1153 3579; x_wconf 82' lang='lat' dir='ltr'>uestemque</span> <span class='ocrx_word' id='word_1_258' title='bbox 1171 3516 1199 3574; x_wconf 80' lang='lat' dir='ltr'>P,</span> 
     </span>
     <span class='ocr_line' id='line_1_34' title="bbox 122 3582 1201 3651; baseline 0.002 -22"><span class='ocrx_word' id='word_1_259' title='bbox 122 3586 148 3630; x_wconf 85' lang='lat' dir='ltr'>et</span> <span class='ocrx_word' id='word_1_260' title='bbox 166 3582 272 3646; x_wconf 75' lang='lat' dir='ltr'>quidese</span> <span class='ocrx_word' id='word_1_261' title='bbox 290 3597 336 3634; x_wconf 86' lang='lat' dir='ltr'>nes</span> <span class='ocrx_word' id='word_1_262' title='bbox 355 3585 384 3633; x_wconf 82' lang='lat' dir='ltr'>in</span> <span class='ocrx_word' id='word_1_263' title='bbox 403 3582 486 3633; x_wconf 80' lang='lat' dir='ltr'>lituro</span> <span class='ocrx_word' id='word_1_264' title='bbox 504 3585 608 3634; x_wconf 80' lang='lat' dir='ltr'>maiora</span> <span class='ocrx_word' id='word_1_265' title='bbox 624 3600 651 3650; x_wconf 81' lang='lat' dir='ltr'>p,</span> <span class='ocrx_word' id='word_1_266' title='bbox 671 3589 773 3651; x_wconf 88' lang='lat' dir='ltr'>tamque</span> <span class='ocrx_word' id='word_1_267' title='bbox 791 3583 886 3644; x_wconf 83' lang='lat' dir='ltr'>iamP,</span> <span class='ocrx_word' id='word_1_268' title='bbox 905 3594 1067 3644; x_wconf 76' lang='lat' dir='ltr'>remquam</span> <span class='ocrx_word' id='word_1_269' title='bbox 1085 3586 1201 3646; x_wconf 82' lang='lat' dir='ltr'>apparet</span> 
     </span>
    </p>

    <p class='ocr_par' dir='ltr' id='par_1_12' title="bbox 117 3649 1198 3850">
     <span class='ocr_line' id='line_1_35' title="bbox 208 3649 1198 3718; baseline 0.001 -19"><span class='ocrx_word' id='word_1_270' title='bbox 208 3651 258 3703; x_wconf 88' lang='grc'>321</span> <span class='ocrx_word' id='word_1_271' title='bbox 273 3651 399 3702; x_wconf 84' lang='lat' dir='ltr'>Conuerte</span> <span class='ocrx_word' id='word_1_272' title='bbox 410 3652 438 3711; x_wconf 80' lang='lat' dir='ltr'>P,</span> <span class='ocrx_word' id='word_1_273' title='bbox 451 3655 663 3718; x_wconf 69' lang='lat' dir='ltr'>superse-iptum</span> <span class='ocrx_word' id='word_1_274' title='bbox 674 3653 716 3704; x_wconf 87' lang='lat' dir='ltr'>nel</span> <span class='ocrx_word' id='word_1_275' title='bbox 729 3649 855 3712; x_wconf 84' lang='lat' dir='ltr'>conaelle,</span> <span class='ocrx_word' id='word_1_276' title='bbox 872 3651 912 3700; x_wconf 82' lang='lat' dir='ltr'>sic</span> <span class='ocrx_word' id='word_1_277' title='bbox 924 3655 963 3700; x_wconf 83' lang='lat' dir='ltr'>w.</span> <span class='ocrx_word' id='word_1_278' title='bbox 982 3653 1070 3698; x_wconf 77' lang='lat' dir='ltr'>ortum</span> <span class='ocrx_word' id='word_1_279' title='bbox 1087 3650 1117 3700; x_wconf 84' lang='lat' dir='ltr'>id</span> <span class='ocrx_word' id='word_1_280' title='bbox 1131 3653 1198 3714; x_wconf 82' lang='lat' dir='ltr'>puto</span> 
     </span>
     <span class='ocr_line' id='line_1_36' title="bbox 121 3717 1198 3786; baseline 0.001 -21"><span class='ocrx_word' id='word_1_281' title='bbox 121 3733 156 3767; x_wconf 74' lang='lat' dir='ltr'>ecc</span> <span class='ocrx_word' id='word_1_282' title='bbox 169 3717 286 3783; x_wconf 91' lang='lat' dir='ltr'>conpelle</span> <span class='ocrx_word' id='word_1_283' title='bbox 356 3721 406 3771; x_wconf 87' lang='grc'>322</span> <span class='ocrx_word' id='word_1_284' title='bbox 420 3719 528 3772; x_wconf 80' lang='lat' dir='ltr'>Adiutor</span> <span class='ocrx_word' id='word_1_285' title='bbox 543 3727 613 3786; x_wconf 82' lang='lat' dir='ltr'>pw:</span> <span class='ocrx_word' id='word_1_286' title='bbox 632 3719 747 3781; x_wconf 79' lang='lat' dir='ltr'>fortasse</span> <span class='ocrx_word' id='word_1_287' title='bbox 758 3718 867 3770; x_wconf 85' lang='lat' dir='ltr'>Auditor</span> <span class='ocrx_word' id='word_1_288' title='bbox 879 3720 907 3784; x_wconf 83' lang='grc' dir='ltr'>Ρ,</span> <span class='ocrx_word' id='word_1_289' title='bbox 924 3731 988 3767; x_wconf 84' lang='lat' dir='ltr'>nom</span> <span class='ocrx_word' id='word_1_290' title='bbox 1000 3717 1043 3768; x_wconf 89' lang='lat' dir='ltr'>din</span> <span class='ocrx_word' id='word_1_291' title='bbox 1055 3719 1085 3767; x_wconf 83' lang='lat' dir='ltr'>in</span> <span class='ocrx_word' id='word_1_292' title='bbox 1097 3732 1198 3767; x_wconf 80' lang='lat' dir='ltr'>rasura</span> 
     </span>
     <span class='ocr_line' id='line_1_37' title="bbox 117 3784 477 3850; baseline 0.017 -17"><span class='ocrx_word' id='word_1_293' title='bbox 117 3799 137 3850; x_wconf 83' lang='lat' dir='ltr'>p</span> <span class='ocrx_word' id='word_1_294' title='bbox 156 3788 266 3850; x_wconf 61' lang='lat' dir='ltr'>sempsit</span> <span class='ocrx_word' id='word_1_295' title='bbox 281 3785 296 3836; x_wconf 92' lang='lat' dir='ltr'>d</span> <span class='ocrx_word' id='word_1_296' title='bbox 314 3784 390 3846; x_wconf 75' lang='lat' dir='ltr'>facta</span> <span class='ocrx_word' id='word_1_297' title='bbox 407 3803 442 3838; x_wconf 74' lang='lat' dir='ltr'>sc</span> <span class='ocrx_word' id='word_1_298' title='bbox 459 3803 477 3839; x_wconf 91' lang='lat' dir='ltr'>u</span> 
     </span>
    </p>
   </div>
   <div class='ocr_carea' id='block_1_7' title="bbox 121 3869 1196 4076">
    <p class='ocr_par' dir='ltr' id='par_1_13' title="bbox 121 3869 1196 4076">
     <span class='ocr_line' id='line_1_38' title="bbox 207 3869 1195 3938; baseline 0 -18"><span class='ocrx_word' id='word_1_299' title='bbox 207 3869 240 3920; x_wconf 95' lang='grc' dir='ltr'><em>Ν</em></span> <span class='ocrx_word' id='word_1_300' title='bbox 259 3869 290 3921; x_wconf 91' lang='lat' dir='ltr'>de</span> <span class='ocrx_word' id='word_1_301' title='bbox 308 3871 386 3937; x_wconf 91' lang='lat' dir='ltr'>piscis</span> <span class='ocrx_word' id='word_1_302' title='bbox 404 3871 580 3938; x_wconf 83' lang='lat' dir='ltr'>magnitudine</span> <span class='ocrx_word' id='word_1_303' title='bbox 606 3872 700 3922; x_wconf 80' lang='lat' dir='ltr'>titulus</span> <span class='ocrx_word' id='word_1_304' title='bbox 724 3873 796 3922; x_wconf 83' lang='lat' dir='ltr'>inP</span> <span class='ocrx_word' id='word_1_305' title='bbox 913 3875 1032 3938; x_wconf 82' lang='lat' dir='ltr'>2patres</span> <span class='ocrx_word' id='word_1_306' title='bbox 1049 3873 1074 3923; x_wconf 87' lang='lat' dir='ltr'><em>P</em></span> <span class='ocrx_word' id='word_1_307' title='bbox 1089 3886 1195 3935; x_wconf 68' lang='lat' dir='ltr'>comp</span> 
     </span>
     <span class='ocr_line' id='line_1_39' title="bbox 207 3937 1196 4006; baseline -0.001 -18"><span class='ocrx_word' id='word_1_308' title='bbox 207 3940 316 4003; x_wconf 85' lang='lat' dir='ltr'>3aegra</span> <span class='ocrx_word' id='word_1_309' title='bbox 334 3940 487 4006; x_wconf 86' lang='lat' dir='ltr'>Paegerp</span> <span class='ocrx_word' id='word_1_310' title='bbox 558 3941 631 3991; x_wconf 81' lang='lat' dir='ltr'>sortis</span> <span class='ocrx_word' id='word_1_311' title='bbox 645 3957 665 4006; x_wconf 82' lang='lat' dir='ltr'>p</span> <span class='ocrx_word' id='word_1_312' title='bbox 753 3939 896 3992; x_wconf 80' lang='lat' dir='ltr'>4Delicias</span> <span class='ocrx_word' id='word_1_313' title='bbox 914 3941 1006 3993; x_wconf 89' lang='lat' dir='ltr'>uiduae</span> <span class='ocrx_word' id='word_1_314' title='bbox 1020 3956 1051 4005; x_wconf 84' lang='lat' dir='ltr'>p.</span> <span class='ocrx_word' id='word_1_315' title='bbox 1069 3937 1106 4000; x_wconf 75' lang='lat' dir='ltr'>cf.</span> <span class='ocrx_word' id='word_1_316' title='bbox 1124 3938 1196 3989; x_wconf 85' lang='lat' dir='ltr'>Mar·</span> 
     </span>
     <span class='ocr_line' id='line_1_40' title="bbox 121 4006 1042 4076; baseline 0.009 -23"><span class='ocrx_word' id='word_1_317' title='bbox 121 4006 195 4056; x_wconf 78' lang='lat' dir='ltr'>tialia</span> <span class='ocrx_word' id='word_1_318' title='bbox 215 4007 282 4058; x_wconf 90' lang='lat' dir='ltr'><em>VIII</em></span> <span class='ocrx_word' id='word_1_319' title='bbox 296 4006 338 4069; x_wconf 84' lang='grc'>48,</span> <span class='ocrx_word' id='word_1_320' title='bbox 357 4007 374 4058; x_wconf 85' lang='grc'><strong><em>6</em></strong></span> <span class='ocrx_word' id='word_1_321' title='bbox 443 4023 471 4058; x_wconf 88' lang='lat' dir='ltr'>as</span> <span class='ocrx_word' id='word_1_322' title='bbox 488 4025 572 4075; x_wconf 82' lang='lat' dir='ltr'>supra</span> <span class='ocrx_word' id='word_1_323' title='bbox 589 4012 723 4075; x_wconf 83' lang='lat' dir='ltr'>spernatur</span> <span class='ocrx_word' id='word_1_324' title='bbox 740 4009 801 4062; x_wconf 86' lang='lat' dir='ltr'>add.</span> <span class='ocrx_word' id='word_1_325' title='bbox 815 4025 836 4076; x_wconf 83' lang='lat' dir='ltr'>p</span> <span class='ocrx_word' id='word_1_326' title='bbox 855 4014 1005 4076; x_wconf 81' lang='lat' dir='ltr'>aspernatus</span> <span class='ocrx_word' id='word_1_327' title='bbox 1023 4012 1042 4072; x_wconf 86' lang='grc' dir='ltr'><strong><em>ς</em></strong></span> 
     </span>
    </p>
   </div>
   <div class='ocr_carea' id='block_1_8' title="bbox 0 0 1332 4440">
    <p class='ocr_par' dir='ltr' id='par_1_14' title="bbox 0 0 1332 4440">
     <span class='ocr_line' id='line_1_41' title="bbox 0 0 1332 4440; baseline 0 6"><span class='ocrx_word' id='word_1_328' title='bbox 0 0 1332 4440; x_wconf 95' lang='lat' dir='ltr'> </span> 
     </span>
    </p>
   </div>
  </div>
 </body>
</html>
