2656 4440
177 243 237 303 106
565 240 569 247 ’
619 245 793 299 lVVENALlS

172 409 298 478 ‘scilicet
319 418 377 479 hoc
400 420 503 492 luerat,
527 431 650 498 propter
673 419 753 498 quod
775 438 863 498 saepe
886 419 988 481 relicta

175 504 302 582 coniuge
324 522 379 582 per
400 512 533 563 montem
555 505 709 565 adversum
730 504 900 583 gelidasque
923 506 1043 567 cucurri

175 587 329 672 Esquilias,
352 590 492 650 fremeret
513 607 597 650 saera
620 608 687 650 cum
709 590 855 668 grandine
878 609 986 652 vernus

175 672 309 752 luppiter
330 684 360 735 et
382 675 474 735 multo
497 674 621 735 stillaret
642 674 768 754 paenula
793 665 917 736 nimbo'.

218 758 315 836 aspice
338 777 427 837 quarn
450 758 539 838 longo
562 760 725 839 distinguat
746 768 868 837 pectore
890 760 1007 822 lancem

175 860 250 920 quae
272 845 367 904 fertur
389 844 509 904 domino
532 845 646 923 squilla,
670 855 699 906 et
721 844 829 923 quibus
853 845 983 924 undique
1006 856 1108 927 saepta

174 928 323 1007 asparagis
345 947 403 1007 qua
426 929 567 1009 despiciat
589 929 721 990 convivia
743 930 845 1004 cauda,

174 1014 243 1073 dum
266 1015 347 1074 venit
369 1014 476 1076 excelsi
498 1015 635 1076 manibus
657 1015 770 1076 sublata
793 1015 930 1076 ministri.

173 1098 224 1160 sed
247 1098 301 1159 tibi
324 1099 444 1160 dimidio
467 1101 647 1161 constrictus
669 1119 835 1162 cammarus
857 1119 911 1161 ovo

173 1184 297 1262 ponitur
318 1185 422 1264 exigua
444 1185 542 1246 feralis
564 1203 638 1246 cena
660 1184 775 1264 patella.

173 1269 237 1348 ipse
259 1269 426 1330 Venafrano
450 1270 560 1344 piscem
583 1270 750 1350 perfundit:
774 1279 803 1330 at
825 1269 873 1330 bic
895 1270 946 1348 qui

174 1354 302 1432 pallidus
323 1355 455 1416 adfertur
477 1356 585 1416 misero
607 1355 671 1428 tibi,
695 1356 786 1416 caulis
808 1354 899 1415 olebit

173 1439 355 1514 lanternam;
379 1440 450 1502 illud
472 1441 553 1501 enim
575 1442 677 1502 restris
700 1441 787 1501 datur
808 1439 927 1501 alveolis
950 1442 1030 1518 quod

173 1543 270 1585 canna
294 1525 480 1604 Micipsarum
504 1544 592 1604 prora
615 1525 749 1586 subvexit
770 1533 864 1598 acuta,

173 1610 397 1688 propterquod
420 1611 531 1671 Romae
554 1629 621 1672 cum
644 1611 773 1672 Boccare
795 1628 884 1670 nemo
907 1609 1028 1684 lavatur,

173 1696 251 1773 quod
276 1704 354 1755 tutos
377 1695 464 1756 etiam
488 1696 557 1756 lacit
579 1715 595 1756 a
617 1696 806 1775 serpentibus
828 1695 907 1755 atris.

172 1779 280 1840 mullus
303 1779 359 1840 erit
381 1780 502 1853 domini,
528 1799 615 1860 quem
639 1781 717 1842 misit
739 1779 857 1842 Corsica
880 1779 925 1840 vel
947 1796 1036 1857 quem

172 1864 440 1925 Tauromenitanae
462 1883 563 1944 rupes,
587 1866 705 1944 quando
728 1885 817 1926 omne
839 1872 995 1944 peractum
1017 1873 1062 1927 est

172 1960 202 2010 ct
224 1949 280 2010 iam
304 1950 413 2011 defecit
435 1959 570 2011 nostrum
592 1969 682 2024 mare,
705 1950 776 2011 dum
798 1952 866 2029 gula
889 1949 988 2023 saevit,

171 2034 284 2096 retibus
306 2035 433 2096 adsiduis
456 2035 575 2113 penitus
597 2044 747 2097 scrutante
770 2035 892 2096 macello

171 2120 314 2198 proxima,
337 2138 393 2180 nco
416 2121 545 2199 patimur
566 2118 756 2200 Tyrrhenum
778 2139 911 2182 crescere
934 2117 1055 2197 piscem.

170 2205 291 2265 instruit
313 2223 385 2284 ergo
407 2205 507 2266 locum
530 2206 691 2283 provincia,
714 2206 843 2266 sumitur
864 2205 946 2265 illinc

172 2290 251 2367 quod
273 2298 406 2370 captator
427 2299 504 2351 emat
526 2290 651 2363 Laenas,
674 2291 793 2351 Aurelia
816 2291 931 2351 vendat.
962 2291 965 2295 ’

171 2374 290 2435 Virroni
311 2393 451 2436 muraena
475 2377 571 2451 datur,
594 2394 670 2455 quae
691 2376 817 2436 maxima
839 2375 920 2436 venit

170 2461 287 2538 gurgite
309 2462 344 2522 de
367 2461 484 2533 Siculo;
509 2480 576 2522 nam
599 2462 668 2522 dum
691 2480 723 2522 se
746 2460 881 2522 continet
902 2468 1010 2532 auster,
1200 2469 1242 2520 10)

169 2547 239 2606 dum
262 2546 345 2607 sedet
366 2556 396 2607 et
417 2546 508 2608 siccat
530 2547 659 2608 madidas
682 2546 712 2606 in
736 2564 855 2607 carcere
877 2546 995 2625 pinnas,

170 2640 367 2691 contemnunt
389 2632 512 2693 mediam
535 2632 691 2692 temeraria
713 2631 773 2692 lina
796 2631 988 2711 Charybdim:

168 2735 220 2776 vos
243 2716 371 2795 anguilla
393 2726 494 2776 manet
515 2716 621 2795 longae
644 2727 769 2795 cognata
792 2716 942 2790 colubrae,

169 2810 219 2860 aut
240 2800 333 2878 glacie
355 2819 493 2879 aspersus
515 2801 637 2861 maculis
659 2801 827 2874 Tiberinus,
850 2812 880 2862 et
902 2802 966 2881 ipse

254 2939 294 2995 76
310 2945 453 3012 propterea
468 2955 574 3012 semper
595 2939 731 2996 manicasti
745 2957 794 3013 per
816 2939 941 3014 pluriam.
1074 2939 1111 2997 81
1136 2936 1243 3011 squilla.

168 3038 253 3096 genus
269 3022 348 3096 piscis
370 3031 416 3078 aut
437 3024 570 3079 cammari.
674 3028 712 3084 83
736 3024 883 3081 insertoris.
1013 3025 1052 3082 86
1076 3021 1136 3080 oleo
1159 3021 1242 3079 bono.

255 3108 293 3166 88
310 3107 377 3164 rasis
392 3107 419 3163 in
438 3107 535 3181 quibus
557 3124 604 3164 vos
625 3109 802 3166 manducatis.
932 3112 971 3167 89
992 3097 1111 3164 ‘Probus
1133 3106 1243 3180 exponit

168 3209 279 3249 cannam
301 3210 395 3249 navem
409 3210 477 3258 esse,
502 3210 570 3267 quac
585 3194 696 3266 gaudela
712 3195 824 3260 dicatur,
848 3203 879 3250 ut
900 3193 935 3249 sit
948 3192 1058 3267 gaudela
1074 3190 1242 3264 llicipsarum

167 3278 193 3334 id
216 3289 256 3335 est
273 3277 410 3335 Afrorum.
433 3278 571 3351 gandeiam
593 3279 663 3336 euim
685 3279 736 3336 soli
751 3279 810 3336 arri
831 3280 857 3336 id
880 3286 922 3335 est
938 3277 1049 3341 damasi,
1072 3275 1113 3332 vel
1137 3275 1242 3348 otalii,

168 3364 308 3438 Byzaceni,
340 3373 371 3420 ut
396 3363 453 3427 alii,
483 3364 591 3420 Barcaei
613 3351 780 3421 invenerunt²
811 3363 902 3423 Vallo.
1003 3363 1042 3421 90
1067 3361 1174 3435 quidam
1196 3360 1241 3418 illo

167 3458 288 3522 tempore
311 3449 357 3523 qui
378 3449 483 3522 putenti
505 3448 566 3505 oleo
588 3466 617 3506 se
639 3449 777 3523 unguebat
798 3450 826 3505 in
847 3447 959 3505 balneis.
1061 3448 1102 3506 94
1123 3447 1151 3503 in
1173 3445 1242 3503 sub-

167 3533 299 3591 urbicario
321 3534 396 3590 mari.
504 3537 561 3592 100
584 3533 698 3591 iocatur.
720 3534 746 3591 id
769 3544 810 3591 est
832 3550 887 3591 non
909 3531 990 3589 llante
1012 3540 1114 3589 austro.

171 3622 229 3676 104
251 3619 391 3694 proprium
413 3635 512 3675 nomen
538 3619 628 3694 piscis.

253 3733 285 3784 80
303 3732 346 3782 uel
364 3731 540 3783 distendatur
558 3733 716 3796 anarginep
787 3732 819 3784 82
838 3729 964 3798 despictat
981 3732 1047 3797 Ppr.
1118 3733 1151 3783 88
1169 3729 1241 3781 dabi-

167 3803 207 3850 tur
219 3800 242 3849 P
252 3799 277 3850 bi
289 3805 453 3864 expunctum
522 3802 554 3852 89
567 3798 738 3866 Micipsarum]
752 3799 801 3851 mic
819 3801 848 3850 in
867 3801 949 3850 littora
961 3801 986 3850 Ρ
994 3800 1117 3863 (Gonnum
1128 3796 1239 3862 fuerat),

166 3867 208 3918 uel
226 3882 306 3918 canna
325 3868 457 3934 micepsar.
476 3871 505 3918 in
522 3871 645 3932 margine
784 3870 816 3921 91
836 3870 865 3918 in
884 3873 960 3919 textu
978 3872 1104 3920 ambrum
1121 3871 1151 3918 in
1169 3883 1240 3917 mar-

162 3937 229 3999 gine
247 3936 307 4055 aggei.
326 3951 421 4055 ntl'lmm
439 3939 552 4002 antiqua
569 3937 656 3987 Paul
671 3951 698 4001 p.
717 3935 862 3987 damnarat
879 3936 990 3988 Iahnius
1060 3936 1136 3989 Alros
1156 3941 1175 3999 ς

303 4018 335 4069 pa
348 4020 355 4054 1
369 4020 397 4056 ur
412 4020 431 4070 p
