2656 4440
131 248 171 308 88
582 247 756 300 tvvuuatts

131 422 268 499 aequales
290 420 409 481 habitus
430 419 490 480 illic
513 418 682 498 similesque
704 421 816 482 videbis

132 507 313 568 orchestram
336 515 366 566 et
387 505 541 584 populum,
565 504 634 564 clari
657 506 789 567 velamen
814 505 937 566 honoris

130 591 283 654 sufiiciunt
305 591 424 652 tunicae
446 588 568 651 summis
590 591 733 652 aedilibus
754 591 846 651 albae.

129 677 178 738 hio
200 678 278 737 ultra
300 676 377 737 vires
400 675 516 736 babitus
539 674 629 748 nitor,
652 676 700 736 bic
722 675 831 755 aliquid
855 675 922 754 plus
1163 686 1204 736 180

131 780 219 841 quam
242 761 312 823 satis
335 772 381 822 est
402 761 553 821 interdum
576 760 672 824 aliena
694 762 821 822 sumitur
842 778 921 820 arca.

130 865 289 908 commune
310 846 341 906 id
363 846 464 906 vitium
489 854 542 918 est,
565 845 614 904 bic
636 846 759 907 vivimus
781 845 936 906 ambitiosa

128 941 303 1011 paupertate
326 949 439 992 omnes.
484 929 554 1008 quid
576 939 605 990 te
629 929 752 991 moror?
776 930 875 991 omnia
897 930 1008 990 Romae

129 1035 198 1078 cum
221 1017 328 1096 pretio.
372 1016 443 1094 quid
466 1016 527 1089 das,
550 1024 583 1075 ut
606 1015 730 1077 Cossum
752 1016 911 1094 aliquando
934 1011 1065 1076 salutes?

130 1112 163 1162 ut
185 1111 215 1162 te
238 1101 377 1180 respiciat
399 1102 498 1161 clauso
522 1099 646 1161 Veiento
668 1098 797 1161 labello?
1160 1109 1203 1160 185

129 1187 177 1247 ille
200 1187 284 1247 metit
305 1187 437 1259 barbam,
460 1186 575 1246 crinem
597 1186 645 1246 hic
668 1185 792 1264 deponit
813 1184 918 1260 amati;

128 1273 217 1350 plena
240 1272 346 1333 domus
367 1271 434 1332 libis
458 1270 623 1332 venalibus:
647 1272 749 1350 accipe
771 1280 801 1330 et
821 1269 899 1331 istud

128 1359 309 1418 fermentum
333 1356 385 1418 tibi
408 1356 493 1419 babe.
538 1367 689 1434 praestare
711 1356 820 1416 tributa
843 1354 967 1416 clientes

129 1442 264 1522 cogimur
286 1452 316 1502 et
337 1440 425 1502 cultis
446 1459 555 1519 augere
576 1441 693 1521 peculia
714 1441 815 1502 servis.

172 1528 238 1605 quis
260 1527 343 1586 timet
364 1535 415 1586 aut
435 1525 534 1585 timuit
554 1526 650 1604 gabda
672 1527 831 1586 Praeneste
854 1525 969 1584 ruinam
1162 1533 1204 1583 190

129 1621 180 1672 aut
202 1611 306 1689 positis
329 1629 485 1671 nemorosa
508 1610 586 1671 inter
607 1612 676 1689 iuga
698 1611 837 1672 Volsiniis
859 1620 910 1670 aut

127 1696 311 1775 simplicibus
334 1695 434 1756 Gabiis
456 1704 506 1756 aut
527 1696 615 1774 proni
639 1696 758 1757 Tiburis
780 1693 870 1756 arce?

129 1800 184 1842 nos
207 1781 312 1842 urbem
335 1781 459 1841 colimus
481 1781 563 1841 tenui
586 1780 709 1841 tibicine
732 1780 834 1841 sultam

127 1884 233 1945 magua
256 1874 339 1946 parte
362 1866 424 1939 sui;
448 1883 517 1925 nam
540 1865 583 1926 sic
604 1866 773 1926 labentibus
795 1865 893 1926 obstat

126 1951 238 2025 vilicus,
262 1960 291 2011 et
312 1951 419 2011 veteris
441 1951 533 2010 rimae
556 1969 624 2010 cum
646 1951 719 2012 texit
740 1951 862 2024 hiatum,

126 2054 249 2097 securos
271 2035 421 2114 pendente
443 2035 526 2095 iubet
547 2035 677 2095 dormire
704 2035 800 2096 ruina.

126 2121 284 2181 vivendum
307 2119 433 2181 estillic
456 2120 506 2180 ubi
529 2120 610 2200 qulla
633 2120 779 2195 incendia,
803 2120 876 2180 nulli

127 2215 216 2266 nocte
237 2214 344 2266 metus.
388 2205 447 2264 iam
469 2206 567 2283 poscit
588 2224 704 2284 aquam,
726 2205 784 2265 iam
807 2204 909 2264 frivola
932 2203 1075 2264 transfert

127 2289 285 2369 Vcalegon,
308 2290 437 2351 tabulata
459 2290 513 2350 tibi
536 2291 594 2351 iam
617 2291 702 2352 tertia
725 2291 854 2350 sumant:

213 2466 271 2521 177
281 2471 385 2519 actores
396 2463 539 2519 mimorum
550 2463 648 2519 similes
656 2461 852 2536 spectatoribus
864 2461 961 2524 rideas,
974 2477 1005 2516 ex
1017 2460 1098 2517 vestis
1109 2460 1202 2517 babitu

123 2565 213 2622 pares.
296 2551 354 2607 178
371 2548 511 2605 orchestra
525 2548 641 2622 spatium
658 2548 685 2603 iu
701 2565 755 2622 quo
771 2546 850 2603 saltat
865 2547 1054 2619 pantomimus.
1077 2545 1118 2601 vel
1133 2545 1203 2602 idem

124 2633 218 2706 quiin
242 2633 379 2690 orchestra
400 2633 523 2707 procedit
545 2644 591 2689 aut
613 2641 759 2707 spectatur.
850 2633 908 2690 180
932 2638 1024 2705 potest
1045 2647 1103 2687 esse
1124 2633 1204 2704 geni-

124 2718 209 2783 tivus,
238 2718 318 2775 buius
340 2717 447 2775 babitus
469 2717 551 2774 nitor.
573 2727 689 2791 possunt
711 2728 739 2774 et
758 2716 863 2791 singula
883 2715 1054 2790 pronuntiari
1076 2717 1202 2772 nomina-

123 2802 177 2859 tivo
200 2819 273 2859 casu.
365 2804 423 2860 184
448 2811 513 2858 tunc
533 2803 662 2876 temporis
684 2801 800 2859 nobilem
824 2810 852 2858 et
872 2800 1029 2875 superbum.
1141 2803 1201 2860 188

123 2885 295 2943 fermentum.
325 2885 443 2942 dulcium
464 2886 577 2959 malum,
606 2888 681 2960 quod
702 2887 870 2944 stomachum
891 2887 1052 2960 indigestum
1072 2895 1201 2960 praestat.

207 2978 346 3043 praestare
368 2969 477 3026 tributa.
501 2971 529 3026 id
551 2981 592 3027 est
612 2972 695 3028 servis
718 2974 818 3030 donare
833 2973 963 3046 cogimur,
987 2982 1018 3028 ut
1032 2970 1202 3027 admittamur

121 3056 156 3112 ad
177 3054 366 3112 salutationem
388 3055 567 3112 dominorum.
658 3059 716 3116 189
738 3057 807 3114 bene
828 3058 939 3113 vestitis.
955 3057 1058 3154 quippe
1072 3055 1142 3112 lesto
1158 3056 1201 3113 die

121 3157 182 3196 suo.
272 3142 330 3198 199
354 3149 402 3197 aut
422 3139 455 3196 ab
478 3157 606 3214 aquarum
629 3141 790 3199 abundantia
811 3142 875 3199 dicit
887 3129 1007 3215 ‘gelida‚
1029 3141 1092 3215 quia
1107 3158 1201 3199 omues

122 3241 207 3298 aquae
228 3225 256 3280 iu
278 3225 374 3282 urbem
394 3225 458 3283 inde
478 3225 598 3292 veniunt,
622 3237 669 3284 aut
683 3227 853 3300 frigorosam.
943 3229 1001 3284 192
1018 3243 1074 3282 non
1090 3225 1201 3283 ornatis

207 3311 234 3365 in
246 3311 402 3408 praecipiti
429 3312 531 3384 posita,
560 3321 591 3369 ut
618 3312 744 3369 Horatius
773 3312 829 3386 [od.
853 3315 881 3374 3,
905 3314 934 3375 4,
952 3310 1005 3382 23]
1037 3302 1201 3388 ‘clivumque

121 3382 270 3469 supinum’.
380 3399 437 3455 193
463 3407 598 3471 tamquam
619 3397 734 3455 tibicina.
757 3397 784 3453 id
806 3406 846 3453 est
867 3394 976 3452 materia
999 3395 1114 3466 gracilis.

210 3482 270 3540 196
292 3490 420 3555 rupturas
441 3482 574 3578 parietum
596 3482 668 3540 calce
690 3483 795 3539 modica
816 3479 983 3575 perfundunt
1005 3487 1032 3535 et
1053 3480 1200 3556 inquilinos

119 3564 216 3621 iubent
235 3583 354 3637 manere
370 3574 510 3666 tamquam
532 3568 555 3624 si
576 3575 772 3625 restaurassent
793 3565 906 3622 ruinam.
997 3567 1054 3624 199
1079 3578 1109 3624 ut
1125 3568 1199 3641 Virg.

119 3638 201 3730 [Aea.
225 3651 253 3716 2,
279 3641 380 3726 311]‘
383 3652 434 3708 iam
455 3653 594 3726 proximus
616 3655 692 3711 ardet
713 3636 869 3723 Vcalegon'.
955 3648 1068 3708 lumant.
1089 3652 1200 3726 superi-

209 3799 257 3849 182
275 3797 406 3850 ambitiosi
424 3799 490 3863 Ppr.
567 3804 616 3854 186
634 3801 712 3852 amati
730 3798 850 3849 radendo
869 3794 975 3858 sactum
992 3817 1027 3850 erc
1044 3803 1159 3851 amatur?
1176 3802 1201 3851 P

208 3867 255 3918 187
274 3865 348 3918 libris
368 3868 392 3917 Ρ
411 3867 459 3917 scd
479 3871 692 3935 superscriptum
716 3866 826 3931 panibus
929 3868 998 3919 istud
1021 3869 1045 3918 Ρ
1065 3869 1107 3920 uel
1132 3868 1196 3918 illud

119 3947 286 3998 supeream>
376 3935 424 3986 188
442 3943 608 4002 praestautp
701 3935 999 4002 190ruina1’comp
1090 3938 1137 3988 197
1157 3942 1197 3987 est

120 4000 458 4062 om.Padd.wcf.210
