2656 4440
447 242 541 297 LIBER
561 244 572 296 Ι
608 243 740 297 snrvuh
759 243 781 294 V

81 423 111 475 tu
134 414 337 476 Beneventani
359 416 469 477 sutoris
492 434 600 477 nomen
624 416 782 478 habentem

81 500 203 562 siccabis
225 500 346 561 calicem
371 520 510 562 nasorum
534 510 673 579 quattuor
694 521 729 563 ac
751 502 807 562 iam

82 595 248 664 quassatum
273 594 303 646 et
323 594 413 664 rupto
436 595 608 665 poscentem
632 587 752 667 sulpura
775 587 860 648 vitro.

81 672 104 732 si
125 671 297 732 stomachus
318 670 431 731 domini
454 673 547 732 fervet
567 673 696 751 vinoque
718 672 854 751 ciboque,

81 755 215 834 frigidior
237 755 346 817 Geticis
368 757 480 835 petitur
501 757 621 818 decocta
643 758 774 837 pruinis:

83 860 142 902 non
166 841 267 902 eadem
291 840 374 902 vobis
394 841 468 921 poni
490 842 578 902 modo
601 843 667 903 vina
690 840 858 921 querebar?

81 945 132 988 vos
153 927 239 987 aliam
261 926 369 1006 potatis
391 945 507 1005 aquam.
554 926 607 987 tibi
630 928 735 1007 pocula
759 946 865 988 cursor

82 1010 222 1073 Gaetulus
244 1011 322 1072 dabit
344 1021 394 1072 aut
417 1012 493 1092 nigri
516 1031 621 1074 manus
644 1032 725 1074 ossea
750 1012 843 1073 Mauri

83 1105 112 1157 et
133 1098 181 1158 cui
205 1115 258 1176 per
279 1097 404 1158 mediam
428 1097 504 1158 nolis
527 1116 685 1158 occurrere
709 1106 836 1173 noctem,

83 1181 207 1244 clivosae
228 1182 343 1243 veheris
365 1182 434 1243 dum
458 1200 513 1261 per
535 1193 728 1244 monumenta
752 1183 886 1244 Latinae:

83 1267 136 1329 ilos
159 1266 244 1328 Asiae
267 1275 336 1328 ante
358 1267 465 1347 ipsum,
488 1268 584 1346 pretio
608 1269 718 1330 maiore
741 1277 860 1348 paratus

83 1371 170 1431 quam
193 1352 249 1413 luit
271 1361 300 1413 ct
322 1351 399 1414 rolli
422 1372 530 1414 census
552 1354 696 1433 pugnacis
719 1363 748 1414 et
769 1353 843 1413 Anci

84 1449 121 1510 et,
145 1457 183 1498 nc
205 1443 235 1499 te
257 1447 384 1512 teneam,
407 1437 610 1499 homanorum
633 1439 733 1499 omnia
755 1456 859 1517 regum

84 1522 195 1583 frivola.
240 1523 319 1601 quod
343 1542 411 1584 cum
433 1523 472 1584 ita
495 1523 542 1596 sit,
565 1534 597 1585 tu
620 1524 775 1585 Gaetulum
798 1522 996 1603 Ganymedem

84 1608 208 1688 respice,
232 1626 299 1668 cum
322 1608 413 1670 sities.
459 1610 554 1670 nescit
577 1619 620 1670 tot
644 1608 761 1670 milibus
783 1617 902 1686 emptus

84 1693 265 1773 pauperibus
288 1693 413 1755 miscere
436 1713 521 1774 puer,
544 1695 594 1755 sed
618 1695 723 1767 forma,
746 1694 797 1754 sed
820 1701 899 1754 aetas

85 1778 173 1858 digna
194 1778 364 1858 supercilio.
410 1779 529 1859 quando
552 1781 588 1840 ad
610 1789 638 1840 te
662 1778 796 1858 pervenit
819 1775 888 1839 ille?

86 1863 204 1942 quando
227 1872 347 1942 rogatus
369 1863 451 1926 adest
473 1864 583 1926 calidae
605 1865 776 1944 gelidaeque
799 1861 955 1924 minister?

86 1948 197 2028 quippe
221 1949 393 2028 indignatur
414 1950 505 2010 veteri
529 1968 633 2029 parere
657 1950 758 2011 clienti

86 2034 225 2112 qnodque
247 2034 358 2112 aliquid
380 2052 487 2112 poscas
509 2045 538 2095 et
560 2037 638 2113 quod
662 2055 693 2097 se
715 2042 811 2096 stante
835 2032 999 2094 recumbas.

88 2118 212 2179 maxima
235 2136 370 2198 quaeque
393 2119 500 2181 domus
522 2121 612 2181 servis
635 2129 679 2181 est
701 2120 787 2199 plena
810 2117 955 2197 superbis.

88 2222 156 2265 ecce
179 2204 253 2265 alius
275 2212 387 2282 quanto
409 2206 543 2283 porrexit
565 2223 717 2266 murmure
739 2222 846 2283 panem

88 2288 134 2350 vix
156 2290 291 2364 fractum,
314 2289 424 2351 solidae
447 2291 504 2351 iam
526 2291 642 2352 mucida
665 2291 758 2351 frusta
780 2289 903 2370 farinae,

89 2392 164 2452 quae
185 2374 351 2452 genuinum
372 2375 495 2454 agitent,
519 2394 580 2435 non
603 2373 785 2436 admittentia
809 2391 949 2435 morsum.

88 2460 139 2520 sed
161 2467 247 2520 tener
270 2469 299 2520 et
321 2459 424 2521 niveus
447 2460 587 2539 mollique
609 2460 725 2538 siligine
748 2460 834 2519 fictus

89 2554 221 2606 servatur
243 2545 375 2606 domino.
420 2545 551 2606 dextram
576 2544 715 2605 cohibere
738 2551 898 2615 memento,

89 2629 167 2690 salva
189 2629 228 2691 sit
250 2638 383 2709 artoptae
405 2631 580 2692 reverentia.
626 2632 704 2708 finge
727 2637 825 2689 tamen
849 2636 878 2688 te

89 2715 291 2795 inprobulum‚
314 2724 451 2796 superest
473 2715 531 2776 illic
554 2715 603 2794 qui
627 2732 740 2795 ponere
764 2720 852 2791 cogat

86 2793 142 2862 ‘vis
165 2809 197 2860 tu
219 2801 381 2875 consuetis,
405 2802 499 2861 audax
521 2800 653 2874 conviva,
677 2797 815 2860 canistris

88 2884 204 2964 impleri
226 2885 372 2964 panisque
394 2886 437 2946 tui
461 2885 577 2947 novisse
599 2878 767 2946 colorem‘l'
1135 2889 1164 2940 ts

89 3040 157 3114 ginis
179 3040 257 3114 gladii
279 3040 392 3104 habere,
423 3042 469 3114 qui
491 3041 657 3115 antepositus
680 3051 720 3097 est
742 3040 832 3098 larbae
853 3057 868 3096 a
891 3040 999 3096 bidone.
1124 3040 1163 3096 46

89 3125 196 3183 Votoris
218 3142 317 3183 nomen
339 3125 489 3183 habentem.
513 3127 620 3200 quidam
643 3137 720 3183 sutor
743 3125 793 3183 luit
815 3127 983 3195 Benevento,
1013 3123 1059 3197 qui
1082 3140 1166 3196 gran-

90 3211 150 3267 dem
178 3228 273 3267 nasum
301 3210 404 3268 habuit.
513 3214 553 3270 48
576 3221 607 3267 ut
628 3211 716 3268 solent
737 3211 849 3284 sulpure
871 3209 964 3267 calices
987 3207 1087 3264 fractos
1109 3207 1164 3264 sive

90 3295 243 3352 calcariolas
266 3312 431 3371 conponere.
520 3300 556 3354 51
582 3297 608 3353 id
631 3304 680 3359 est,
704 3313 759 3352 non
782 3295 870 3352 solum
892 3295 965 3368 quod
987 3292 1059 3349 aliud
1075 3293 1165 3348 vinum

88 3380 193 3447 bibitis,
217 3381 263 3438 sed
287 3391 313 3438 et
334 3398 429 3456 aquam
452 3381 589 3437 diversam.
677 3383 716 3439 56
740 3380 852 3454 pulcher
878 3397 946 3453 puer
969 3379 1082 3435 Asianus
1103 3394 1165 3433 caro

89 3467 177 3540 pretio
200 3476 381 3541 comparatus.
470 3469 508 3525 59
527 3467 646 3522 llaurum
668 3466 832 3539 pincernam.
920 3466 959 3522 62
983 3463 1045 3537 quia
1060 3472 1086 3519 et
1101 3461 1166 3536 pul-

90 3551 154 3608 cher
176 3560 204 3609 et
224 3553 326 3609 iuvenis
349 3560 405 3616 est,
428 3552 487 3608 ideo
510 3550 640 3625 superbit.
733 3553 771 3610 65
795 3567 875 3624 aegre
896 3550 949 3606 hoc
971 3565 1077 3622 semper
1098 3546 1167 3603 servi

89 3637 205 3708 habent,
228 3638 303 3712 quod
325 3636 375 3693 illis
397 3636 530 3694 stantibus
552 3636 627 3692 amici
650 3637 692 3692 sui
715 3635 815 3693 domini
837 3634 1018 3692 discumbunt.

179 3724 217 3780 75
240 3723 347 3796 qualem
368 3723 480 3780 mereris
502 3722 672 3780 manducare.

181 3871 213 3920 46
231 3869 418 3937 beneuenlanis
437 3871 535 3922 uotonis
554 3872 620 3937 Ppr.
697 3872 731 3922 54
749 3868 826 3921 nollis
845 3869 910 3935 Ppr.
980 3869 1010 3920 61
1031 3865 1111 3918 forma
1130 3867 1171 3917 set

93 3953 129 3988 em
146 3935 242 3989 formas
260 3943 287 3990 et
304 3939 328 3989 P
411 3940 443 3992 65
461 3939 568 3990 recubas
586 3940 653 4005 Ppr.
740 3940 772 3990 66
791 3937 894 3989 delebat
911 3937 1085 3987 Heinriebz'oa

178 4009 211 4058 tc
229 4003 305 4058 fictus
323 4006 356 4059 P:
375 4007 458 4060 lactus
476 4010 595 4058 mutauit
613 4009 636 4058 P
651 4011 700 4058 aut
715 4022 734 4072 p
