2656 4440
122 216 163 276 42
609 219 714 274 PERSll

122 393 262 457 Publius:
285 390 418 465 emeruit,
440 389 608 452 scabiosum
630 393 772 455 tesserula
796 394 841 455 lar

122 479 263 562 possidet.
307 477 366 537 beu
388 477 502 538 steriles
526 477 594 551 veri,
619 477 727 557 quibus
750 498 809 541 una
832 480 980 552 Quiritem
1177 496 1203 549 rt

123 565 237 644 vertigo
259 563 337 624 lacit.
381 561 430 622 bic
452 562 541 622 Dama
565 574 609 624 est
632 582 692 624 non
716 565 802 626 tresis
824 584 911 644 agaso

124 668 219 730 vappa
241 648 340 728 lippus
362 647 444 707 etin
468 647 551 708 tenui
573 649 722 727 larragiue
745 651 885 712 mendax:

123 734 245 797 verterit
265 734 346 795 bunc
369 732 515 807 dominus,
538 744 690 794 momento
712 734 841 798 turbinis
864 737 923 798 exit

126 822 242 882 Marcus
264 820 363 880 Dama.
400 836 505 896 papae.
543 818 641 879 Marco
663 819 829 899 spondente
852 841 971 886 recusas

124 906 246 969 credere
269 913 304 965 tu
327 900 487 965 nummosi
510 902 609 965 Marco
632 905 687 965 sub
710 904 806 966 iudice
828 906 943 985 palles?

124 992 240 1052 Marcus
261 989 343 1060 dixit,
366 989 404 1049 ita
428 996 481 1048 est.
519 988 649 1068 adsigna,
673 989 781 1064 blarce,
804 990 935 1054 tabellas.

125 1079 197 1138 baec
218 1093 300 1136 mera
322 1074 454 1147 libertas,
476 1073 533 1134 boc
557 1073 644 1136 nobis
665 1076 752 1154 pillea
775 1075 898 1138 donant.

121 1155 172 1223 ‘an
197 1161 354 1241 quisquam
377 1168 422 1220 est
443 1158 517 1219 alius
538 1157 624 1233 liber,
648 1160 703 1221 nisi
726 1159 835 1222 ducere
857 1163 946 1224 vitam

125 1248 173 1310 cui
195 1247 266 1308 licet
286 1256 320 1306 ut
341 1241 449 1305 libuit‘l
472 1243 540 1305 licet
563 1252 596 1307 ut
617 1246 683 1306 volo
706 1245 818 1307 vivere:
843 1266 904 1308 non
927 1266 994 1311 sum

124 1332 246 1395 liberior
267 1321 396 1392 Brutol'
419 1322 576 1391 ‘mendose
598 1321 724 1410 colligis’
751 1331 850 1410 inquit

126 1419 236 1480 stoicus
258 1416 306 1476 bic
328 1434 429 1476 aurem
452 1415 583 1476 mordaci
606 1415 684 1478 lotus
706 1426 791 1478 aceto

121 1496 191 1564 ‘boc
214 1502 341 1581 reliqum
364 1499 488 1579 accipio,
508 1490 625 1561 “licet’'
651 1501 723 1562 illud
745 1511 775 1562 et
793 1494 852 1562 “ut
872 1491 963 1563 volo'³
989 1496 1079 1567 tolle.³

121 1581 262 1648 ‘vindicta
284 1597 442 1665 postquam
465 1602 549 1646 meus
571 1604 586 1646 a
609 1596 746 1666 praetore
773 1588 892 1662 recessi,

125 1691 179 1735 cur
201 1672 272 1731 mibi
296 1690 356 1731 nou
379 1671 473 1743 liceat,
500 1670 585 1732 iussit
606 1673 815 1751 quodcumque
838 1674 981 1747 voluntas,

126 1765 249 1836 excepto
272 1756 368 1835 siquid
392 1756 501 1817 Masuri
523 1756 642 1817 rubrica
664 1748 802 1818 vetavitl'
1174 1767 1202 1819 tt

124 1948 180 1987 non
201 1938 289 1986 autem
310 1928 353 1985 illa
376 1945 455 2004 quam
479 1927 589 1985 Publius
615 1931 735 1993 emeruit,
766 1931 811 2004 qui
833 1947 882 2004 per
904 1939 1030 1986 tesseram
1051 1927 1205 1986 scabiosum

124 2015 165 2072 lar
186 2014 314 2089 possidet,
337 2014 363 2069 id
386 2022 427 2069 est
449 2021 606 2087 corruptum
628 2026 655 2071 et
676 2024 756 2088 putre
778 2015 951 2072 trumentum.
1039 2017 1080 2073 76
1100 2014 1204 2090 vertigo

122 2100 194 2157 lacit.
223 2100 285 2173 quia
314 2099 438 2172 quotiens
467 2099 706 2165 manumittebant,
736 2118 782 2157 eos
810 2100 885 2174 alapa
913 2116 1056 2174 pereussos
1084 2101 1204 2158 circum·

123 2184 239 2258 agebant
266 2193 293 2240 et
320 2183 419 2238 liberos
447 2182 650 2241 confirmabant.
679 2186 751 2242 unde
777 2186 948 2242 manumissio
972 2185 1049 2241 dicta.
1073 2202 1106 2243 eo
1131 2184 1205 2261 quod

121 2285 203 2326 rnanu
225 2268 399 2324 emitteretur.
498 2267 627 2336 Quiritem
650 2279 738 2327 autern
761 2271 931 2345 singulariter
952 2269 1061 2326 abusive
1082 2270 1149 2327 dixit
1170 2270 1205 2326 li·

122 2354 209 2412 centia
241 2354 355 2427 poetica.
390 2371 450 2410 nam
482 2353 553 2411 sieut
582 2365 659 2430 pater
692 2358 861 2431 conscriptus
887 2373 942 2413 nou
966 2355 1071 2421 dieitur,
1095 2357 1132 2412 ita
1155 2370 1205 2414 nec

123 2440 252 2509 Quiritem
275 2440 363 2496 dicere
384 2456 538 2514 possumus.
605 2444 644 2499 76
668 2458 748 2516 agaso
763 2459 858 2500 servus
876 2442 1056 2498 iumentorum
1070 2439 1203 2499 minister.

209 2527 248 2584 82
271 2525 351 2600 pillea
373 2526 484 2582 donant.
529 2527 667 2584 deservis
690 2528 736 2602 qui
757 2527 888 2584 beneficio
912 2527 1083 2583 dominorum
1103 2544 1205 2584 manu·

123 2611 306 2678 mittebantur,
330 2622 361 2670 ut
382 2611 506 2686 superius
529 2613 593 2670 dixit
609 2611 647 2688 [3.
669 2613 738 2687 105]
755 2608 798 2670 ‘at
819 2612 894 2669 illum
917 2611 1033 2669 besterui
1055 2612 1145 2686 capite
1160 2613 1205 2669 in-

121 2697 187 2754 duto
209 2697 317 2754 subiere
332 2691 474 2766 Quirites.
574 2700 612 2757 83
635 2699 786 2772 propositio
809 2697 866 2756 talis
888 2707 930 2755 est
951 2697 1111 2772 syllogismi:
1137 2697 1205 2756 alius

122 2782 190 2838 liber
217 2799 273 2838 non
302 2792 356 2847 est,
385 2782 436 2838 nisi
464 2784 486 2838 si
515 2783 558 2839 cui
585 2783 649 2840 lieet
670 2784 749 2839 vitam
770 2784 919 2840 secundum
940 2800 1016 2840 suam
1037 2782 1205 2842 voluntatem

121 2866 282 2939 producere.
311 2868 457 2941 assumptio
488 2877 529 2924 est
556 2868 635 2923 baec:
665 2869 728 2924 mihi
756 2877 844 2925 autem
872 2868 936 2925 licet
963 2868 1050 2925 vivere
1075 2877 1109 2925 ut
1128 2870 1202 2926 volo.

122 2949 217 3006 deinde
232 2948 348 3006 infertur
363 2950 515 3007 conclusio:
539 2968 599 3007 sum
615 2968 679 3025 ergo
694 2954 778 3010 Bruto
796 2953 915 3008 liberior.
938 2953 1098 3011 contradicit
1112 2964 1204 3013 autern

119 3032 288 3108 pbilosophis
309 3035 541 3109 propositionibus
563 3035 625 3092 huic
647 3037 755 3093 Persius
777 3037 868 3092 dicens
888 3037 982 3095 falsam
997 3057 1055 3096 esse
1069 3040 1127 3096 eius
1143 3040 1204 3098 col-

121 3119 272 3185 lectionem,
302 3121 377 3194 quod
399 3120 485 3176 omnis
508 3120 630 3194 quidem,
662 3123 706 3195 qui
729 3121 791 3177 vivit
812 3121 881 3179 sicut
902 3123 973 3189 vult,
996 3123 1063 3181 liber
1084 3123 1128 3190 sit,
1160 3125 1204 3183 bic

123 3215 212 3262 autem
234 3206 382 3263 secundum
405 3205 477 3279 quod
500 3206 528 3261 iu
551 3208 734 3281 assumptione
755 3209 878 3281 superius
901 3208 973 3273 dixit,
997 3226 1052 3266 non
1067 3209 1205 3269 voluntati

122 3307 186 3347 suae
199 3292 316 3348 serviens
332 3291 411 3361 vivat,
434 3307 495 3346 cum
510 3289 577 3346 vitiis
588 3290 637 3347 sibi
653 3292 850 3350 dominantibus
866 3294 995 3350 trabatur.
1083 3295 1123 3354 88
1139 3296 1204 3354 viu·

122 3375 191 3432 dieta
218 3376 291 3452 virga
319 3384 360 3432 est
389 3392 442 3449 qua
470 3377 672 3434 manumittendi
693 3396 707 3434 a
729 3388 854 3452 praetore
882 3380 909 3435 in
939 3380 1024 3453 eapite
1045 3379 1202 3454 pulsantur,

123 3461 184 3516 ideo
207 3462 277 3519 dicta
299 3461 373 3535 quod
396 3478 457 3517 eum
472 3460 588 3519 vindicat
608 3462 734 3520 libertati.
802 3467 840 3522 90
864 3465 906 3521 bic
929 3464 1060 3522 Masurius
1084 3465 1202 3525 Sabinus

207 3644 239 3694 75
257 3642 305 3693 uiri
323 3644 347 3694 P
422 3644 453 3693 76
473 3641 546 3693 dama
564 3647 604 3694 est
623 3644 655 3695 P:
675 3643 795 3697 damasus
815 3653 838 3696 α
917 3649 949 3698 77
969 3647 1052 3698 tenuit
1069 3644 1201 3713 ferragine

121 3711 184 3775 Ppr.
269 3712 302 3763 78
321 3709 429 3761 turbinis
447 3710 480 3760 P:
502 3712 623 3778 temporis
642 3719 689 3778 ap
771 3715 803 3766 82
822 3714 870 3764 bec
888 3713 962 3765 nobis
981 3722 1004 3765 α
1080 3712 1161 3767 donat
1180 3718 1206 3768 P

208 3779 241 3830 84
258 3777 335 3829 libuit
353 3786 376 3829 α
381 3793 414 3842 p:
434 3779 515 3829 uoluit
529 3780 555 3830 Ρ.
574 3797 590 3830 α
603 3780 709 3831 libendo
722 3782 795 3831 dicta
805 3783 956 3846 putubatur
968 3783 1078 3833 libertas
1090 3782 1201 3847 (lustin.

122 3847 207 3897 instit.
226 3845 281 3908 13,
300 3849 324 3911 1)
399 3847 447 3897 sim
464 3848 534 3912 Ppr.
622 3850 653 3900 85
672 3849 772 3900 Liberio
791 3851 857 3914 Ppr.
965 3853 996 3904 87
1016 3849 1069 3901 Ηοο
1087 3850 1201 3920 reliqum

121 3915 154 3965 P:
173 3912 240 3965 Haec
258 3914 356 3981 reliqua
376 3923 399 3966 α
491 3915 549 3967 illut
568 3914 645 3967 detuo
664 3916 726 3968 tolle
744 3918 768 3967 P
782 3932 887 3983 comp
993 3921 1025 3971 90
1043 3917 1160 3984 Expecto
1180 3921 1206 3972 P

123 3996 227 4048 comp
296 3983 407 4035 mansuri
427 3990 450 4034 α
520 3984 619 4036 uetabit
637 3985 807 4036 Ileinriobiue
