2656 4440
560 241 694 296 SATVRA
710 244 745 297 lV

121 414 260 493 ancipitis
282 415 384 488 librae,
407 424 522 476 rectum
544 415 688 478 discernis
710 417 761 477 ubi
784 417 863 478 inter

121 517 212 560 curva
235 500 316 561 subit
336 501 382 561 vel
403 518 472 560 cum
494 500 568 561 lallit
589 502 664 580 pede
687 502 788 580 regula
811 520 891 578 varo,

122 595 152 644 et
174 586 253 663 potis
275 605 307 647 es
329 586 449 663 nigrum
471 585 540 646 vitio
562 588 726 666 praefigere
748 589 839 649 theta.

122 670 195 747 quin
219 680 251 731 tu
274 670 372 750 igitur,
395 689 510 732 summa
532 671 713 750 nequiquam
734 672 812 752 pelle
834 673 970 748 decorus,

121 764 191 815 ante
214 755 291 816 diem
314 755 422 817 blando
445 756 568 817 caudam
592 756 700 818 iactare
723 758 841 836 popello

121 840 242 918 desinis,
266 841 420 921 Anticyras
441 841 547 901 melior
568 841 691 903 sorbere
713 841 865 905 meracas?

123 944 199 1003 quae
222 926 276 986 tibi
298 945 411 987 summa
434 925 506 986 boni
529 923 594 987 est?
616 936 705 988 uncta
727 927 833 990 vixisse
854 927 962 1008 patella

124 1029 244 1090 semper
266 1022 296 1072 et
318 1011 440 1072 adsiduo
464 1020 564 1072 curata
588 1012 714 1073 cuticula
737 1011 823 1074 sole?

123 1105 256 1174 expecta,
279 1097 350 1157 haut
372 1096 448 1157 aliud
472 1097 652 1175 respondeat
672 1099 744 1159 baec
767 1117 851 1160 anus.
889 1097 898 1158 i
922 1116 1015 1172 nunc,

120 1173 344 1243 “Dinomaches
367 1200 422 1260 ego
445 1173 524 1242 sum'
562 1181 647 1242 suffla
666 1175 758 1244 “sum
781 1173 961 1245 candidus’'.
999 1190 1072 1258 esto,
1171 1191 1201 1243 20

123 1267 196 1327 dum
218 1285 256 1327 ne
280 1266 410 1328 deterius
433 1266 527 1345 sapiat
548 1268 698 1346 pannucia
719 1268 835 1342 Baucis,

124 1369 192 1412 cum
214 1351 292 1412 bene
314 1352 458 1413 discincto
481 1353 642 1413 cantaverit
664 1353 758 1414 ocima
779 1341 906 1414 vernae?

167 1446 200 1497 ut
222 1455 309 1497 nomo
331 1438 362 1497 in
387 1455 451 1499 sese
473 1444 598 1516 temptat
619 1437 809 1513 descendere,
833 1457 931 1513 nemo,

122 1521 175 1583 sed
196 1522 385 1602 praecedenti
407 1530 558 1601 spectatur
579 1524 706 1585 mantica
729 1531 824 1602 tergo.

124 1728 151 1777 et
179 1736 286 1776 curvam
314 1720 434 1795 regulam
462 1721 653 1778 momentariae
681 1718 844 1794 cognoscis?
881 1721 1003 1796 regulam
1030 1718 1095 1775 dicit
1114 1718 1203 1793 ipsum

123 1805 314 1862 momentariae
334 1806 436 1863 stilum.
479 1814 527 1864 aut
548 1805 640 1878 regula
662 1823 735 1864 nunc
755 1824 806 1881 pro
829 1822 924 1862 norma
945 1805 1045 1863 abusus
1068 1811 1117 1860 est.
1162 1811 1204 1860 est

124 1890 194 1946 enim
222 1907 252 1947 ea
279 1907 349 1946 rara.
462 1895 498 1950 13
522 1892 623 1949 indices
651 1891 767 1949 litteram
797 1891 869 1949 theta
891 1899 1033 1967 apponunt
1053 1890 1086 1945 ad
1109 1905 1204 1946 eorum

123 1974 231 2031 nomina
253 1992 322 2049 quos
344 1976 476 2051 supplicio
499 1976 630 2034 afficiunt.
673 1978 769 2035 merito
791 1981 876 2056 θῆτα
898 1971 964 2038 ἀπὸ
978 1979 1040 2038 τοῦ
1054 1968 1203 2035 θανάτου

124 2060 150 2116 id
174 2069 215 2117 est
236 2076 252 2117 a
272 2070 368 2127 morte,
392 2072 419 2119 et
440 2063 514 2136 quod
536 2063 611 2137 quasi
632 2061 713 2119 habet
734 2063 816 2120 telum
839 2079 929 2120 suum.
950 2062 1013 2119 ideo
1035 2060 1109 2135 quod
1129 2059 1205 2116 triste

124 2144 290 2218 intellegitur
310 2145 404 2203 mortis
427 2148 543 2221 signum.
587 2147 659 2205 unde
681 2149 789 2222 quidam
815 2148 852 2205 ait
866 2142 900 2203 ‘o
922 2145 1037 2204 multum
1058 2152 1120 2201 ante
1141 2143 1205 2200 alias

126 2229 219 2287 infelix
246 2231 335 2288 littera
360 2227 454 2290 theta'.
566 2236 602 2291 15
626 2241 688 2289 ante
716 2235 785 2291 diem
813 2242 902 2291 autem
936 2232 1000 2290 dicit
1025 2231 1053 2287 in
1082 2229 1204 2295 comitiis,

127 2317 191 2391 quia
220 2317 366 2374 comitiales
394 2317 552 2376 dicebantur
573 2319 637 2383 dies,
660 2318 687 2373 in
709 2319 808 2394 quibus
830 2319 862 2374 ad
884 2318 991 2375 futuros
1013 2317 1131 2372 bonores
1153 2315 1225 2371 bo-‘

127 2401 213 2458 mines
235 2402 454 2476 designabantur.
536 2402 676 2460 translatio
699 2413 740 2461 est
762 2421 777 2461 a
799 2402 919 2468 canibus,
942 2401 990 2477 qui
1016 2417 1078 2459 cum
1098 2399 1207 2455 blandi-

127 2494 214 2543 untur
236 2487 359 2552 dominis,
383 2488 493 2545 caudam
515 2496 634 2544 movent.
724 2490 761 2546 16
785 2488 912 2561 Anticyra
930 2486 1058 2560 oppidum
1073 2484 1206 2548 Phocidis,

128 2571 175 2629 ubi
203 2571 353 2628 elleborum
380 2572 509 2629 nascitur.
552 2571 648 2628 merito
676 2572 816 2646 pluraliter
838 2572 978 2645 Anticyras
1008 2571 1081 2634 dixit,
1105 2577 1136 2626 ut
1157 2586 1208 2643 ap-

127 2666 222 2731 pareat
244 2656 300 2712 eius
325 2668 376 2713 tam
398 2672 510 2730 magnae
531 2657 649 2713 insaniae
670 2674 751 2714 unam
773 2656 897 2714 sulficere
918 2672 975 2713 ncn
995 2671 1087 2730 posse.
1127 2655 1209 2710 Anti-

128 2758 206 2817 cyras
235 2743 354 2816 tropicos
384 2742 463 2808 dixit,
492 2759 581 2816 neque
611 2742 680 2798 enim
708 2743 766 2817 ipsa
793 2742 884 2799 civitas
906 2741 1042 2805 sorbetur,
1072 2737 1119 2797 s'ed
1141 2739 1209 2797 elle-

128 2828 228 2884 borum
261 2828 334 2900 quod
367 2828 395 2884 in
428 2844 457 2885 ea
492 2827 621 2884 nascitur.
753 2830 790 2888 18
813 2835 905 2885 curata
932 2844 956 2884 c
980 2844 1003 2883 s.
1032 2823 1210 2882 claromatiarii

131 2912 259 2969 dicuntur
286 2913 314 2969 id
341 2922 383 2970 cst
410 2913 549 2979 colorarii,
579 2912 626 2987 qui
648 2921 706 2970 toto
729 2913 771 2970 die
792 2914 820 2969 in
842 2929 923 2970 arena
943 2920 1009 2970 sunt
1030 2910 1072 2969 vel
1092 2911 1120 2967 in
1141 2911 1211 2969 sole.

131 2998 234 3072 antiqui
260 2999 330 3055 enim
360 2998 498 3073 ungebant
524 3015 554 3055 se
582 3009 608 3055 et
631 2999 658 3054 in
679 3000 736 3056 sole
758 3006 850 3064 erant,
878 3007 909 3056 ut
931 2998 1021 3056 oleum
1043 3014 1143 3072 corpus
1164 2998 1210 3054 in-

129 3081 245 3140 biberet.
299 3092 331 3141 ut
362 3084 492 3142 luvenalis
515 3083 583 3160 [11‚
601 3083 673 3158 203]
701 3078 811 3143 ‘nostra
840 3083 914 3141 bibat
937 3101 1051 3142 vernum
1074 3091 1211 3140 conuacta

130 3168 249 3226 cuticula
271 3169 354 3226 solem
378 3168 540 3244 effugiatque
564 3165 673 3242 togam'.
792 3171 829 3228 19
853 3169 941 3235 suilla,
963 3170 1051 3244 inquit
1072 3177 1161 3243 poeta,
1184 3167 1211 3224 id

131 3262 174 3310 est
201 3255 314 3311 extende
335 3262 362 3312 te
384 3262 411 3311 et
431 3255 579 3311 intumesce
600 3253 749 3320 nobilitate,
772 3256 846 3330 quod
870 3255 967 3313 Cliniae
989 3262 1017 3311 et
1037 3253 1212 3311 Dinomaches

130 3338 202 3395 filius
223 3340 269 3396 sis.
292 3356 410 3414 quorum
433 3339 581 3397 Alcibiades
603 3339 673 3397 iilius
697 3340 811 3397 traditur
832 3339 926 3398 luisse.
991 3356 1131 3415 pannucea
1148 3338 1213 3396 vul-

131 3424 231 3498 gariter
258 3442 309 3500 pro
337 3441 458 3500 pannosa
488 3426 561 3490 dixit,
591 3425 618 3481 id
640 3432 682 3482 est
702 3425 798 3500 pannis
820 3425 917 3484 obsita.
1004 3427 1044 3484 22
1067 3427 1214 3501 praecincti

132 3508 225 3567 tunica
253 3510 335 3568 linteo
364 3511 534 3568 amiciuntur.
579 3527 675 3567 vernae
703 3511 829 3569 dicuntur
861 3511 907 3587 qui
935 3511 1034 3569 Romae
1065 3512 1121 3569 nati
1148 3521 1214 3571 suut

132 3603 181 3652 aut
208 3595 276 3652 servi
305 3596 377 3654 domi
405 3598 470 3654 nati.
559 3598 598 3655 24
622 3597 746 3670 Aesopus
770 3597 950 3672 apologorum
971 3596 1088 3671 scriptor
1108 3598 1214 3656 dicebat

132 3697 353 3757 unumquemque
380 3682 516 3740 bominem
544 3682 609 3739 duas
631 3681 759 3740 manticas
779 3681 851 3740 11111
872 3683 940 3740 vitiis
961 3683 1064 3758 plenas,
1088 3691 1115 3742 et
1135 3684 1164 3741 in
1184 3700 1215 3743 ea

223 3871 252 3922 ta
270 3875 311 3922 est
329 3873 383 3923 αΡ
450 3875 483 3924 14
499 3840 588 3938 puelle
604 3879 628 3923 α
702 3876 734 3925 16
752 3872 858 3926 Desinas
876 3879 901 3924 ct
970 3887 1083 3927 merecas
1102 3881 1126 3926 α
1180 3877 1212 3928 19

132 3938 229 3990 inhunc
256 3939 311 3990 ΑΡ
337 3940 384 3990 sed
407 3943 487 4005 prior
513 3955 529 3991 n
555 3957 633 3993 masa
659 3943 736 3993 inP
844 3943 874 3994 21
894 3956 1026 4010 pannucea
1051 3949 1075 3994 α
1179 3945 1213 3996 12

133 4021 226 4074 ocyma
246 4009 298 4058 αΡ
369 4009 401 4062 23
419 4007 493 4061 'l'unc
509 4023 619 4076 nemop

186 4097 277 4143 mam
991 4096 1006 4147 3
