2656 4440
357 1074 522 1135 urrouls
547 1073 666 1135 mllltll
688 1073 904 1135 PRAEFATIO

179 1312 275 1372 Ponsu
298 1320 464 1372 saturarum
493 1310 584 1383 liber,
614 1329 667 1389 per
690 1311 824 1372 Caesium
847 1310 984 1385 Bassum,
1014 1321 1170 1391 postquam

93 1415 233 1475 Annaeus
259 1413 409 1474 Cornutus
437 1412 540 1474 leviter
568 1413 751 1487 retractavit,
782 1412 877 1474 editus
906 1413 1168 1490 grammaticorum

93 1533 212 1595 operam
243 1524 383 1594 expertus
411 1524 464 1576 est.
515 1515 551 1575 de
574 1515 681 1577 Valerii
709 1515 799 1576 Probi
829 1514 1055 1597 commentario·
1072 1515 1167 1599 uitam,

92 1618 176 1679 ouius
205 1617 345 1696 reliquiae
377 1617 523 1696 quantivis
552 1618 639 1697 pretii
668 1626 798 1679 servatae
821 1627 906 1690 sunt,
936 1616 1080 1677 sublatam
1105 1636 1169 1678 osse

92 1728 173 1780 certo
195 1720 367 1781 testimonio
385 1726 510 1787 constat.
548 1720 583 1779 ad
607 1738 674 1781 eum
697 1739 769 1781 num
786 1720 862 1781 baud
885 1738 957 1780 sane
980 1719 1070 1779 multa
1093 1720 1170 1779 anti-

91 1840 166 1900 quae
195 1822 348 1882 doctrinae
376 1823 494 1902 vestigia
526 1839 579 1900 per
607 1830 825 1891 commentum,
855 1823 933 1900 quod
962 1821 1085 1882 Cornuti
1115 1841 1170 1881 no-

91 1943 160 1984 men
184 1943 309 2003 praese
332 1926 399 1995 fert,
422 1925 553 2003 dispersa
576 1923 730 1984 reserenda
755 1924 814 1985 sint
836 1923 884 1983 vix
906 1924 1027 2005 decerni
1050 1924 1170 2003 poterit.

90 2036 179 2087 notus
201 2035 229 2086 et
252 2044 267 2086 a
291 2027 391 2088 multis
414 2025 562 2087 adhibitus
586 2025 757 2106 Hieronymi
780 2027 864 2086 locus
887 1998 1062 2106 astabam,
1095 2027 1177 2106 quod·

89 2128 190 2207 leporis
211 2129 299 2208 Aspri
319 2133 352 2189 irc
372 2127 528 2208 Vcrpilium
554 2140 579 2189 ct
599 2127 760 2189 Salustium
782 2133 1013 2199 commentarios,
1042 2126 1169 2190 Vulcatii

88 2237 120 2290 r'u
139 2230 283 2292 Ciceronis
305 2235 459 2304 orationes,
488 2229 629 2291 Victorini
651 2234 684 2290 iu
707 2231 835 2309 diolapoa
849 2234 911 2291 cius
927 2225 986 2315 [ct],
1012 2236 1044 2291 irc
1062 2229 1168 2292 Torcu-

89 2336 125 2391 tii
145 2335 302 2395 comoedias
322 2336 515 2413 praeceptoris
536 2336 595 2393 mci
609 2333 720 2392 Donati
740 2352 826 2412 acqua
849 2338 881 2393 iu
901 2331 1068 2411 Verqitium,
1091 2333 1166 2394 alio-

88 2451 155 2492 rum
184 2437 216 2492 ira
245 2433 329 2503 alios,
361 2433 499 2495 Plautum
527 2433 655 2494 videlicet
688 2432 853 2494 lucretium
875 2433 1010 2494 Flaccum
1034 2433 1167 2496 Persium

89 2545 171 2614 atquc
199 2532 347 2627 domuum
377 2536 465 2613 (apol.
489 2533 551 2593 adv.
575 2534 717 2594 Rufinum
740 2534 752 2594 l
775 2544 796 2594 t.
820 2534 857 2594 lV
885 2539 898 2597 l
925 2554 953 2613 p.
979 2531 1064 2615 367).
1115 2536 1166 2596 sed

89 2637 125 2696 de
148 2636 230 2696 nullo
259 2646 377 2715 praeter
399 2636 545 2696 Valerium
568 2634 700 2697 Probum
729 2636 921 2715 grammatico
951 2646 1077 2697 constat.
1122 2647 1165 2697 et·

88 2739 167 2798 enim
191 2757 279 2817 quam
303 2738 339 2799 de
355 2739 482 2799 beronis
496 2739 619 2800 nomine
641 2757 697 2817 per
711 2739 844 2799 codicem
862 2740 1009 2817 quendam
1025 2739 1165 2801 Mediola-

88 2859 211 2902 nensem
237 2851 351 2902 servato
374 2860 457 2920 spem
481 2841 629 2903 Henricus
651 2841 790 2903 Ernstius
817 2844 888 2919 (var.
912 2842 975 2903 obs.
999 2843 1011 2903 l
1035 2846 1066 2916 7)
1095 2844 1164 2903 olim

85 2952 225 3017 moverat,
250 2962 313 3004 eam
338 2944 450 3005 nullam
472 2963 537 3005 esse
552 2945 764 3006 demonstravit
779 2945 953 3007 Hauthalius
976 2949 1063 3021 (mus.
1079 2946 1164 3006 rhen.

86 3066 116 3107 n.
139 3066 162 3107 s.
186 3046 209 3105 V
232 3066 261 3126 p.
285 3049 347 3112 523
363 3049 432 3125 sq).
475 3047 511 3107 de
533 3047 666 3108 Cornuto
695 3047 819 3125 eiusque
848 3058 1018 3109 commento
1047 3067 1095 3109 res
1117 3049 1164 3108 in-

86 3159 175 3208 certa.
222 3167 282 3208 non
306 3148 456 3228 pertinere
479 3148 512 3208 ad
533 3148 626 3208 Persii
648 3149 820 3228 magistrum
843 3149 993 3227 plerisque
1016 3149 1072 3208 iam
1096 3166 1164 3226 per-

85 3268 203 3311 suasum
227 3263 288 3321 est,
311 3262 379 3311 ante
403 3250 549 3312 isidorum
572 3253 609 3329 (a.
634 3254 709 3327 636)
730 3251 928 3329 compositum
952 3269 1016 3310 esse
1040 3251 1164 3309 ‹lemon-

84 3361 207 3414 stratum
237 3353 287 3412 ivit
315 3352 345 3413 6.
373 3352 405 3412 F.
428 3353 619 3413 Hermannus
647 3354 725 3429 (lect.
756 3353 873 3413 Persi
897 3353 989 3413 Marb.
1015 3352 1097 3414 1842
1127 3351 1163 3412 de

84 3462 177 3515 aetate
200 3466 229 3515 et
252 3473 306 3515 usu
328 3455 420 3515 schol.
443 3453 524 3515 Pers.
549 3455 627 3515 Gott.
653 3456 756 3531 1846),
778 3455 856 3515 haud
880 3464 960 3515 certa
983 3472 1161 3532 quamquam

85 3575 146 3615 non
175 3556 363 3637 improbabili
394 3557 563 3618 coniectura
593 3556 627 3617 ad
651 3557 857 3636 carlingorum
888 3565 1021 3634 tempora
1051 3557 1162 3616 relerre

84 3658 156 3718 milri
179 3660 257 3720 visus
279 3678 354 3720 sum.

169 3760 310 3838 aliquam,
345 3761 414 3822 licet
442 3780 502 3821 non
532 3779 547 3821 a
583 3760 671 3821 docto
707 3759 898 3840 grammatico
934 3762 984 3821 sed
1015 3779 1029 3819 a
1057 3760 1162 3821 iuvene

84 3860 210 3939 quodam
240 3861 315 3921 baud
338 3862 506 3934 illitterato,
535 3862 566 3922 in
590 3862 783 3923 emendandis
806 3860 898 3921 Persii
928 3862 1034 3922 saturis
1061 3879 1161 3922 curam

81 3964 207 4044 positam
231 3963 320 4024 luisse
349 3964 567 4043 subscriptione
596 3964 721 4043 quadam
750 3964 910 4037 docemurq
939 3982 1034 4039 quam
1052 3963 1104 4018 'xxa
1116 3980 1173 4015 xs-

939 4060 980 4109 «δὴ
