2656 4440
120 208 161 269 24
605 209 710 263 PERSll

120 393 150 445 11
171 382 275 444 similis
298 401 400 464 regum
425 382 526 462 pueris
547 401 678 462 pappare
699 383 847 443 minutum

117 468 219 570 poscis
242 476 271 528 et
293 469 385 530 iratus
407 486 550 529 mammae
573 469 673 529 lallare
696 460 852 529 recusasf'

132 572 170 614 an
193 552 244 614 tali
265 556 398 616 studeam
420 544 569 615 calamof'
591 546 653 614 ‘cui
675 550 787 614 verba?
811 553 880 632 quid
903 554 973 615 istas

121 638 251 700 succinis
272 637 431 719 ambages?
453 639 506 700 tihi
527 639 648 699 luditur.
686 638 782 699 effluis
803 656 913 712 amens,

121 732 325 786 contemnere.
358 734 445 786 sonat
465 723 567 784 vitium
589 742 737 803 percussa,
759 723 887 802 maligne

121 809 283 888 respondet
304 810 387 871 viridi
411 828 471 870 non
495 818 579 870 cocta
601 809 696 870 fidelia
717 809 796 869 limo.

123 893 213 956 udum
238 903 267 955 et
289 895 377 957 molle
400 895 493 955 lutum
517 913 556 966 es,
580 912 661 955 nunc
685 913 766 955 nunc
789 893 994 973 properandus
1015 901 1045 954 11
1066 893 1130 954 acri

121 980 280 1058 fingendus
302 981 368 1042 sine
390 982 450 1039 fine
472 988 546 1040 rota.
583 979 634 1040 sed
657 997 728 1040 rore
750 989 875 1058 paterno

122 1065 241 1126 esttibi
264 1064 489 1138 immodicum,
512 1082 620 1144 purum
644 1074 673 1125 et
694 1065 758 1125 sine
781 1064 847 1124 labe
870 1062 996 1124 salinum
1018 1096 1060 1107 -
1171 1072 1199 1123 tt

122 1150 192 1228 quid
215 1148 348 1212 metuas?
371 1185 413 1196 -
435 1150 601 1228 cultrixque
623 1151 681 1211 foci
704 1167 808 1211 secura
831 1148 937 1228 patella
960 1156 1013 1209 est.

121 1236 179 1296 hoc
201 1234 292 1297 satis?
313 1255 349 1296 an
373 1237 476 1296 deceat
498 1235 670 1315 pulmonem
692 1253 832 1314 rumpere
853 1235 957 1306 ventis,

122 1408 211 1465 dicere
236 1406 325 1464 solent
348 1396 421 1463 ῐ13111
442 1394 516 1464 lalla³
541 1408 568 1464 id
598 1418 640 1464 est
666 1419 712 1463 aot
737 1408 822 1464 dormi
844 1417 891 1463 aut
913 1407 996 1469 lacta,
1026 1405 1102 1478 quod
1123 1404 1200 1479 quasi

123 1492 182 1548 irati
205 1491 320 1548 infantes
343 1491 449 1547 nolunt.
538 1494 577 1550 20
601 1509 615 1547 a
636 1509 697 1548 vase
719 1493 811 1549 vitiato
834 1492 908 1565 quod
935 1489 1000 1546 nihil
1027 1490 1054 1545 in
1077 1507 1107 1546 11
1131 1506 1201 1547 con-

120 1576 198 1642 tinet,
221 1577 446 1651 quemadmodum
468 1575 510 1632 hic
532 1576 633 1634 effusus
654 1593 703 1651 per
725 1577 787 1632 vitia
802 1576 867 1632 nihil
883 1575 1026 1650 sapientiae
1042 1575 1068 1630 in
1085 1593 1115 1632 se
1131 1592 1198 1633 cou-

121 1662 198 1719 tinet.
242 1672 273 1717 ut
295 1662 435 1718 Terentius
457 1662 485 1717 in
508 1661 636 1718 Eunucho
658 1661 742 1735 [105]
769 1651 880 1736 ‘plenus
901 1663 1029 1719 rimarum
1049 1677 1127 1732 surm,
1150 1661 1200 1719 hac

122 1755 203 1820 atque
231 1745 291 1803 illac
321 1733 430 1803 effluo'.
538 1748 576 1804 21
607 1755 788 1804 contemnere.
838 1748 904 1803 haee
930 1747 963 1802 ah
992 1746 1102 1802 lloratio
1132 1744 1200 1803 maie

124 1831 253 1888 translata
273 1831 458 1906 intempestiva
481 1839 554 1887 sunt.
600 1830 724 1887 lloratius
747 1831 812 1906 [sot.
835 1832 864 1903 2,
881 1834 910 1904 3,
931 1829 978 1904 13]
999 1819 1078 1905 ‘quin
1101 1838 1132 1888 tu
1154 1831 1199 1887 iu·

122 1918 217 1974 vidiam
244 1916 349 1991 placare
371 1934 466 1991 paras,
495 1916 594 1973 virtute
629 1914 743 1973 relicta‘l
771 1927 944 1974 contemnere
972 1902 1079 1972 miser'.
1173 1923 1201 1972 et

124 2011 204 2058 sonat
224 2003 317 2058 vitium
340 2001 424 2058 active
446 2001 576 2073 dicimus,
598 2010 629 2057 ut
653 1990 718 2058 ‘nec
745 2019 795 2058 vor
824 2002 957 2058 hominem
979 1994 1075 2057 sonat’
1099 1998 1197 2075 [Verg.

122 2083 195 2143 Aen.
215 2088 241 2156 1,
259 2085 344 2160 328]‚
366 2095 394 2142 et
414 2085 529 2158 maligne
550 2103 601 2160 pro
617 2088 714 2142 acriter
729 2087 781 2143 dici
797 2095 896 2160 potest.
955 2086 1007 2142 hoc
1021 2085 1099 2142 dicit:
1124 2102 1200 2160 quo-

122 2170 204 2227 modo
227 2187 272 2227 vas
294 2189 349 2227 non
372 2170 441 2228 hene
464 2180 570 2227 coctum
594 2188 649 2227 non
671 2179 778 2228 acutum
801 2189 897 2228 sonum
927 2172 1015 2228 reddit
1043 2169 1085 2227 vel
1114 2171 1201 2227 tinni-

123 2263 180 2313 tum
203 2265 229 2312 et
250 2256 341 2331 prodit
362 2256 456 2312 vitium
478 2273 567 2329 suum,
589 2257 626 2312 ita
647 2266 675 2314 et
697 2257 776 2312 homo
800 2274 855 2313 non
872 2257 940 2314 hene
955 2256 1083 2330 sapientia
1098 2256 1200 2330 politus

122 2341 213 2398 vitium
236 2359 314 2398 suum
338 2350 483 2417 temptatus
510 2342 626 2399 ostendit
652 2349 680 2399 et
706 2352 816 2416 apparet
838 2342 924 2416 qualis
945 2341 1054 2398 futurus
1083 2351 1142 2415 est,
1173 2341 1199 2398 id

123 2435 164 2484 est
184 2428 275 2486 miser.
318 2426 486 2502 allegoricos.
574 2428 613 2484 22
637 2428 711 2503 quod
733 2444 801 2483 sono
830 2437 883 2484 1111
915 2427 997 2483 cruda
1019 2443 1099 2501 quam
1121 2437 1201 2485 cocta

122 2528 184 2569 vasa
206 2512 391 2587 explorantur.
456 2513 533 2570 viridi
553 2512 627 2570 hmo.
651 2522 723 2570 creta
746 2530 802 2569 non
824 2524 900 2570 cocta
923 2512 964 2570 vel
986 2513 1073 2567 adhuc
1096 2512 1199 2571 habens

121 2597 213 2655 limum
235 2600 262 2655 id
286 2608 327 2656 est
348 2599 477 2673 argillam.
522 2600 568 2655 sed
590 2598 700 2656 dubium
723 2608 815 2655 utrum
839 2598 1009 2654 similitudine
1031 2614 1097 2652 usus
1112 2597 1148 2653 sit
1165 2614 1200 2654 an

123 2682 258 2755 allegoria.
367 2687 405 2743 23
429 2685 513 2741 udum
542 2693 568 2740 et
593 2684 673 2740 molle
694 2683 805 2746 lutum,
835 2683 963 2757 figurate:
987 2682 1075 2738 adhuc
1097 2683 1199 2741 crudus

123 2785 152 2824 es
174 2777 201 2824 et
223 2769 326 2824 assidua
349 2770 536 2826 exercitatione
558 2767 731 2832 formandus,
762 2777 795 2826 ut
824 2768 913 2824 fictilia
937 2769 1100 2824 circumactu
1122 2777 1200 2824 rotae

123 2851 284 2908 formantur.
382 2854 421 2910 24
445 2854 492 2909 sed
514 2870 577 2909 rure
599 2863 722 2926 paterno.
765 2853 809 2909 hic
831 2852 1036 2926 anthypophora
1059 2870 1125 2908 usus
1148 2862 1201 2910 est.

123 2937 168 2992 sed
190 2936 296 3009 inquies
318 2953 376 2992 esse
399 2936 444 2992 tihi
465 2954 522 2992 rem
545 2936 701 2993 familiarem
723 2937 852 2993 mediatae
867 2935 1028 3010 frugalitatis
1042 2936 1114 2994 farre
1129 2955 1201 2995 con·

124 3029 224 3077 tentam
246 3029 274 3077 et
296 3019 344 3077 tihi
365 3036 445 3095 posse
467 3019 608 3092 sufficere,
636 3021 739 3077 etiamsi
768 3022 857 3077 miuus
878 3022 1011 3096 proficias.
1056 3022 1096 3078 vel
1120 3024 1202 3079 etiam

122 3123 172 3182 per
193 3104 234 3163 far
255 3106 389 3163 modicum
413 3114 440 3162 et
462 3105 575 3161 salinum
598 3123 628 3162 ac
651 3106 794 3180 patellam,
823 3107 920 3180 quihus
947 3107 1028 3164 rebus
1057 3107 1085 3163 11
1114 3110 1203 3164 sacri-

123 3191 189 3248 ficiis
210 3192 322 3264 utimur,
343 3191 537 3265 metonymicos
561 3202 621 3246 vota
644 3201 670 3248 et
691 3208 752 3264 spes
775 3209 830 3248 non
853 3193 987 3266 improbas
1009 3209 1039 3248 se
1054 3193 1201 3267 concipere

123 3278 196 3350 dicit,
218 3278 289 3334 unde
311 3275 432 3333 securior
453 3277 488 3332 sit
515 3283 543 3332 et
563 3276 651 3332 minus
675 3277 765 3333 timeat
785 3278 813 3333 11
835 3278 915 3334 rehus
936 3275 1150 3352 impetrabilibus
1173 3287 1203 3336 et

124 3379 192 3436 quae
217 3363 333 3420 tolerare
354 3361 490 3417 homiuem
512 3362 583 3434 frugi
605 3363 720 3435 possint.
807 3364 846 3421 26
863 3363 1013 3437 crrltrirque
1029 3363 1091 3418 foci.
1136 3363 1203 3437 quia

124 3447 255 3504 delibatae
277 3448 358 3521 dapes
380 3446 407 3501 in
430 3463 459 3502 13
482 3447 585 3519 positae
606 3447 639 3502 ad
655 3446 746 3503 locum
761 3447 895 3504 feruntur.
983 3464 1076 3504 secura
1091 3448 1202 3522 patella.

126 3547 176 3604 qua
200 3533 227 3587 in
251 3532 332 3588 rebus
355 3530 448 3586 divinis
471 3541 595 3588 nituntur.
640 3542 667 3590 et
689 3550 743 3588 non
765 3533 861 3606 patella
877 3550 979 3604 secura,
1002 3533 1048 3588 sed
1062 3532 1106 3588 ille
1123 3533 1203 3607 quasi

125 3632 238 3672 securus
260 3616 301 3673 vel
323 3616 380 3672 sine
403 3614 504 3672 debito.
592 3618 629 3674 27
653 3617 705 3674 hoc
727 3619 800 3674 satis.
843 3626 934 3693 potest
961 3628 988 3675 et
1008 3619 1047 3675 sic
1068 3619 1201 3693 intellegi,

127 3709 261 3774 tamquam
283 3708 312 3757 et
332 3701 412 3756 modo
435 3701 640 3776 anthypophora
663 3704 697 3759 sit
719 3712 747 3759 et
768 3703 812 3760 ille
834 3703 921 3759 adhuc
943 3703 1112 3776 respondeat.

212 3901 243 3952 tr
262 3897 359 3951 similes
377 3901 519 3966 Peorr.p
591 3903 622 3953 20
641 3900 726 3953 effluis
745 3904 798 3952 αΡ
864 3902 896 3952 22
909 3907 1000 3968 cocyto
1014 3908 1037 3952 α
1110 3903 1198 3967 2311]

124 3969 165 4018 111
182 3966 233 4017 ΒΡ
317 3969 350 4018 24
369 3983 431 4034 rupe
449 3974 557 4035 paturno
578 3976 601 4020 α
689 3969 832 4021 26111111
901 3971 1104 4025 1111111111
