2656 4440
123 248 163 308 28
609 247 713 301 Puustt

120 438 157 480 an
181 419 290 498 passim
312 418 447 498 sequeris
468 437 572 479 corros
593 426 727 496 testaque
750 418 871 496 lutoque

121 523 256 577 securus,
280 523 339 584 quo
362 523 415 583 pes
436 505 520 575 ferat,
543 511 632 583 atque
655 523 689 564 ex
712 511 847 582 tempore
868 500 961 563 rivis‘l

122 590 284 651 elleborum
305 591 426 662 frustra,
449 607 517 650 cum
539 589 597 648 iam
620 589 696 649 cutis
720 606 807 666 aegra
829 586 964 660 tumebit,

121 676 273 755 poscentis
294 675 406 736 rideas:
429 674 559 735 venienti
582 674 730 735 occurrite
753 672 870 746 morbo,

122 770 152 821 et
174 759 244 839 quid
266 778 342 839 opus
364 759 484 820 Cratero
506 777 629 836 magnos
650 758 824 838 promittere
847 754 979 818 montis?
1172 766 1202 818 tt

122 845 233 920 discite,
257 864 274 905 o
297 845 406 919 miseri,
429 853 459 904 et
480 862 583 905 causas
605 846 776 923 cognoscite
799 861 914 904 rerum:

123 930 192 1008 quid
214 948 317 992 sumus
339 939 369 990 et
391 929 530 1008 quidnam
554 929 659 989 victuri
681 929 840 1007 gignimur,
863 928 936 989 ordo

123 1016 189 1093 quis
211 1017 296 1076 datus
319 1023 370 1075 aut
391 1023 487 1074 metae
510 1032 566 1092 qua
590 1014 685 1076 mollis
706 1015 801 1075 flexus
822 1021 852 1073 et
874 1012 963 1083 unde,

122 1101 189 1179 quis
210 1102 317 1162 modus
339 1110 474 1178 argento,
497 1099 567 1177 quid
589 1101 633 1160 las
655 1108 768 1179 optare,
792 1099 862 1177 quid
886 1115 972 1177 asper

122 1187 194 1246 utile
218 1204 357 1246 nummus
379 1184 477 1258 babet,
499 1184 612 1263 patriae
635 1186 769 1263 carisque
793 1182 969 1263 propinquis
1175 1191 1204 1241 to

122 1281 266 1349 quantum
290 1270 408 1349 elargiri
430 1271 540 1343 deceat,
565 1288 653 1348 quem
675 1281 705 1331 te
727 1271 800 1330 deus
822 1288 886 1330 esse

122 1356 207 1419 iussit
230 1368 259 1417 et
280 1357 408 1416 humana
432 1373 489 1434 qua
513 1364 595 1434 parte
617 1355 729 1416 locatus
752 1374 783 1416 es
804 1354 835 1414 in
858 1371 900 1414 re.

123 1441 213 1516 disce,
237 1460 294 1502 nec
316 1441 446 1502 invideas
468 1441 548 1519 quod
571 1441 660 1502 multa
683 1439 779 1501 tidelia
802 1447 888 1518 putet

123 1614 205 1670 sitam
220 1629 376 1687 peragrans,
397 1621 430 1669 ut
448 1611 535 1677 libuit,
559 1613 646 1669 omnia
669 1610 743 1672 lacis,
767 1627 864 1668 corvos
885 1609 1019 1684 lapidibus
1042 1605 1204 1667 insectaris?

124 1698 198 1772 quod
220 1707 261 1755 est
275 1697 400 1754 inertium
422 1705 449 1754 et
470 1696 617 1754 stultorum
632 1698 769 1753 indicium.
813 1696 885 1752 corvi
901 1694 971 1752 enim
986 1693 1123 1751 instabiles
1138 1703 1204 1752 suut

123 1783 177 1839 huc
190 1782 255 1840 illuc
271 1772 474 1847 transvolantes,
493 1791 522 1838 et
539 1799 595 1838 non
610 1790 707 1838 curant
720 1790 766 1838 aut
779 1782 807 1837 in
822 1781 874 1837 alta
888 1780 986 1837 arbore
1004 1780 1099 1836 sedere
1114 1779 1203 1837 autin

124 1867 289 1942 palustribus
311 1867 496 1943 aquaticisque
517 1866 593 1929 locis,
623 1876 649 1924 et
671 1866 806 1923 adulteros
827 1866 957 1938 figurant.
1055 1867 1094 1923 63
1118 1865 1204 1922 stulte

123 1953 215 2010 solent
236 1953 343 2028 quidam
357 1952 509 2009 inveteratis
524 1952 593 2008 vitiis
608 1952 729 2008 medendi
750 1952 865 2008 remedia
886 1950 1038 2025 implorare,
1062 1966 1124 2005 cum
1147 1950 1205 2006 uti-

124 2055 177 2112 que
204 2040 292 2112 primo
322 2039 468 2094 cavendum
496 2037 545 2101 sit,
575 2054 609 2093 ne
632 2038 691 2111 quis
713 2038 784 2093 sanis
805 2036 931 2093 membris
953 2034 1065 2092 morbus
1087 2035 1204 2110 inrepat.

124 2122 294 2194 allegoricos.
372 2122 518 2178 amedicis
540 2131 663 2178 tractum.
743 2122 892 2179 elleborum
915 2120 1095 2177 medicaminis
1118 2137 1205 2193 genus

125 2215 179 2272 est,
213 2207 287 2281 quod
319 2207 460 2282 hydropici
492 2222 571 2281 saepe
601 2207 712 2273 bibunt,
742 2208 815 2282 quod
843 2208 866 2263 si
895 2206 1005 2262 nimium
1030 2206 1205 2278 sumpserint,

125 2300 210 2349 necat
283 2295 321 2351 65
344 2293 372 2349 in
393 2291 538 2366 proverbio
561 2303 602 2349 est
618 2287 739 2349 ‘montes
762 2287 878 2349 aureos'.
922 2291 987 2365 quid
1009 2290 1122 2364 prodest
1143 2297 1207 2364 post

124 2378 235 2435 morbos
256 2395 315 2435 sera
337 2378 453 2435 remedia
475 2395 604 2452 quaerere
627 2389 653 2435 et
668 2379 777 2434 Cratero
800 2377 903 2433 medico
925 2375 1009 2432 multa
1024 2372 1205 2449 promittere?

124 2463 167 2520 hic
200 2464 325 2521 Craterus
356 2463 473 2538 Augusti
502 2463 669 2537 temporibus
699 2461 796 2519 nobilis
832 2462 884 2517 luit
912 2461 1047 2524 medicus,
1082 2460 1117 2516 do
1150 2477 1205 2535 qno

125 2549 250 2607 Horatius
273 2550 338 2606 dicit
360 2550 425 2624 [sat.
444 2550 471 2615 2,
493 2543 702 2623 3‚161]‘non
725 2557 766 2604 est
781 2547 926 2611 cardiacus,
951 2546 1089 2602 Craterum
1107 2545 1205 2604 dixisse

124 2631 241 2709 putato’.
285 2653 332 2708 per
361 2637 433 2692 bunc
467 2652 572 2691 omnem
605 2635 737 2692 medicum
759 2633 816 2689 vult
837 2632 929 2706 accipi.
1005 2632 1043 2688 66
1071 2630 1206 2689 disciteo

124 2720 212 2777 miseri
233 2729 262 2778 et
283 2738 376 2778 causas
398 2737 479 2794 cogn.
501 2738 525 2776 r.
548 2721 572 2774 id
596 2729 637 2776 est
652 2719 860 2793 philosophiam.
905 2717 969 2773 dicit
984 2731 1207 2791 unumquemque

125 2804 225 2861 debere
252 2806 354 2862 discere
383 2807 502 2862 omnium
525 2821 615 2860 rerum
637 2804 778 2866 rationem,
807 2813 838 2860 ut
860 2803 927 2858 sciat
948 2801 1010 2874 quid
1033 2801 1091 2874 ipse
1113 2810 1157 2858 est
1180 2809 1208 2863 et

126 2886 162 2944 ob
196 2905 276 2961 quam
309 2905 414 2944 causam
446 2901 525 2945 natus
554 2897 610 2952 est,
640 2890 685 2943 sed
716 2896 743 2943 et
767 2887 847 2943 finem
876 2886 945 2941 vitae
966 2885 1064 2942 intueri
1086 2896 1113 2941 et
1136 2904 1207 2961 quae

127 2970 221 3045 fugiat,
245 2988 313 3046 quae
335 2981 457 3045 exoptet,
481 2989 561 3046 quem
582 2972 690 3027 modum
713 2971 741 3026 in
764 2972 908 3044 cupiditate
933 2979 1033 3036 teneat,
1058 2970 1132 3045 quod
1154 2971 1208 3029 bo·

128 3073 207 3119 num,
238 3057 312 3130 quod
345 3073 470 3131 asperum
503 3073 629 3111 nummus
651 3055 760 3119 habeat,
792 3055 832 3111 vel
855 3065 983 3128 quantum
1006 3057 1062 3112 suis
1083 3058 1209 3129 parenti·

125 3141 177 3199 bus
209 3142 301 3215 largiri
333 3151 450 3215 oportet.
506 3150 536 3196 ut
570 3140 699 3212 Vergilius
732 3140 877 3214 sapientem
913 3139 1016 3199 felicem
1049 3158 1108 3197 esse
1141 3142 1210 3199 dixit

126 3227 164 3302 [g.
181 3229 209 3293 2,
226 3226 300 3301 490]
327 3221 406 3284 ‘felix
436 3227 483 3299 qui
516 3225 606 3299 potuit
634 3243 724 3282 rerum
761 3242 925 3300 cognoscere
955 3221 1067 3282 causas'.
1113 3225 1210 3286 discite

126 3330 190 3386 ergo
213 3323 259 3370 aut
280 3312 428 3370 naturalem
443 3311 639 3385 philosophiam
654 3319 700 3369 aut
714 3311 852 3368 moralem.
922 3313 960 3369 69
983 3327 1062 3385 asper
1077 3329 1207 3370 nummus

127 3408 173 3455 aut
195 3400 264 3456 male
278 3407 371 3472 partus
386 3404 433 3454 aut
447 3395 615 3453 criminosus.
693 3400 708 3453 t
715 3399 731 3454 3
756 3397 827 3452 disce
849 3396 1055 3471 philosophiam.
1099 3405 1128 3454 et
1148 3414 1209 3455 non

126 3483 245 3541 invideas
279 3483 418 3546 divitibus,
453 3482 526 3555 quod
560 3481 704 3556 sapientiae
732 3492 861 3539 nonest.
904 3483 931 3537 in
954 3498 1069 3555 quorum
1092 3482 1209 3541 cellariis

128 3575 201 3624 tanta
224 3577 265 3625 est
287 3569 385 3643 dapum
407 3565 577 3629 abundantia,
601 3578 631 3622 ut
653 3567 732 3623 etiam
753 3574 911 3641 putrescant
933 3566 1027 3640 epulae
1049 3584 1117 3640 quae
1134 3584 1210 3627 eon-

214 3732 246 3782 62
265 3731 331 3781 bibis
350 3738 374 3781 α
453 3732 484 3781 63
502 3730 570 3781 llell-
589 3739 612 3781 α
698 3734 731 3784 66
749 3731 845 3782 Discite
863 3746 878 3780 o
899 3731 951 3780 αΡ
964 3731 1133 3793 Augustinus
1152 3734 1209 3784 eiu.

128 3799 152 3849 d.
171 3798 247 3851 116:
269 3797 417 3866 Disciteque
441 3814 456 3850 o
480 3804 529 3849 out
550 3799 645 3850 Discite
668 3810 694 3850 et
717 3816 733 3850 o
756 3815 788 3850 nr.
813 3812 903 3849 causas
921 3801 940 3861 ς
958 3797 983 3848 io
1001 3799 1131 3848 Bortlar'us
1156 3815 1209 3854 uos

130 3866 240 3918 Guietus
309 3870 340 3919 67
360 3868 489 3932 gignimus
507 3875 531 3917 α
608 3870 640 3920 68
659 3883 690 3918 au
709 3871 775 3931 Ppr.
845 3880 933 3916 mesae
952 3874 975 3916 α
1045 3881 1120 3933 quam
1141 3869 1209 3934 Ppr.

215 3937 246 3986 69
271 3936 368 4000 argenti
394 3936 563 4000 Augustinus
667 3939 699 3987 to
718 3935 753 3987 Vt
775 3935 819 3986 ille
846 3935 915 3999 Ppr.
1019 3938 1051 3987 ll
1076 3935 1162 3999 largiri
1182 3945 1209 3988 α

129 4005 299 4069 Augustinus
368 4005 400 4055 73
419 4003 527 4056 inuidiae
546 4012 569 4054 α
