2656 4440
574 233 707 286 sartan
727 234 758 287 Vl

121 395 286 465 ‘exossatus
308 422 378 485 ager
401 405 479 466 iuxta
503 396 564 466 est?
613 425 675 484 age,
699 407 722 466 si
746 406 817 466 mihi
841 407 920 467 nulla

124 489 179 549 iam
201 490 317 568 reliqua
340 510 375 551 ex
398 491 503 562 amitis,
527 492 669 569 patruelis
692 490 780 561 nulla,
804 492 959 570 proneptis

124 574 202 636 nulla
226 584 329 636 manet
349 575 456 655 patrui,
481 575 588 636 sterilis
609 584 766 636 matertera
790 576 867 649 vixit,

125 659 220 738 deque
243 661 305 720 avia
330 660 453 721 nihilum
477 670 623 739 superest,
646 661 754 722 accedo
778 622 902 722 bovillas
1171 672 1199 722 55

121 745 290 847 clivumque
313 746 350 806 ad
372 745 464 846 Virbi‚
488 754 605 826 praesto
629 755 673 807 est
695 746 766 806 mihi
790 747 906 807 Manius
928 748 1023 807 heres.

121 822 296 926 ‘progenies
318 820 450 891 terrael'
478 849 588 909 quaere
611 850 647 891 ex
671 850 718 891 me
740 832 806 910 quis
829 832 900 892 mihi
924 840 1047 910 quartus

123 915 161 975 sit
181 923 283 995 pater:
309 916 379 977 haut
400 925 548 995 prompte
572 916 666 976 dicam
690 925 807 989 tamen3
830 918 903 977 adde
927 917 1011 977 etiam
1037 934 1140 987 unum,

124 1018 215 1060 unum
239 1001 342 1061 etiam:
366 1012 463 1061 terrae
486 1010 530 1062 est
551 1001 608 1061 iam
632 1001 717 1073 filius,
742 1010 771 1061 et
794 1003 864 1061 mihi
887 1002 946 1062 ritu

123 1084 239 1146 Manius
261 1085 309 1146 hic
331 1087 450 1164 generis
472 1105 568 1165 prope
590 1087 685 1146 maior
706 1087 870 1148 avunculus
892 1094 995 1147 exstat.
1171 1097 1201 1146 ιθ

123 1171 172 1248 qui
196 1170 280 1249 prior
303 1190 343 1244 es,
366 1189 420 1232 cur
442 1189 489 1231 me
512 1171 543 1231 in
566 1172 693 1233 decursu
717 1172 848 1251 lampada
872 1170 998 1250 poscas?

210 1343 249 1400 52
263 1358 319 1399 non
332 1352 357 1400 te
369 1344 455 1401 audeo
467 1344 620 1418 prohibere,
637 1344 766 1418 quicquid
781 1344 845 1401 velis
861 1345 893 1401 de
904 1344 1051 1401 hereditate
1064 1351 1108 1399 tua
1122 1353 1151 1400 ut
1162 1343 1200 1400 la·

122 1427 184 1492 cias,
199 1428 262 1501 quia
272 1444 336 1501 ager
346 1427 443 1503 plenus
455 1429 585 1503 lapidibus
598 1447 652 1485 non
664 1429 807 1502 longeest,
821 1428 967 1503 quibusme
976 1429 1201 1487 contradicentem

122 1510 230 1568 obruas.
254 1529 314 1569 nam
326 1522 463 1571 exossatus
475 1531 539 1588 ager
551 1525 591 1571 est
601 1515 697 1588 plenus
709 1515 841 1588 lapidibus
853 1516 1000 1572 secundum
1012 1531 1058 1570 eos
1071 1514 1117 1587 qui
1132 1514 1202 1570 defi-

121 1597 201 1654 niunt
210 1596 314 1673 lapides
326 1615 387 1655 ossa
397 1617 455 1657 esse
465 1608 561 1665 terrae,
575 1599 722 1657 utOvidius
734 1601 760 1655 ιιι
773 1600 1022 1675 metamorphoseon
1035 1599 1119 1673 ait[l‚
1129 1599 1201 1673 393]

117 1677 234 1756 ‘lapides
245 1683 274 1738 in
286 1700 401 1757 corpore
414 1693 501 1742 terrae
512 1701 572 1741 ossa
583 1702 646 1742 reor
657 1681 728 1740 dici’.
794 1702 842 1758 age
860 1686 883 1742 si
900 1686 961 1741 mihi
975 1684 1056 1741 nulla.
1067 1685 1111 1741 hie
1122 1694 1202 1759 poeta

121 1768 206 1842 tangit
234 1768 419 1843 heredipetas,
450 1771 495 1844 qui
528 1771 646 1844 quamvis
673 1770 746 1826 nulla
773 1771 933 1844 cognatione
957 1770 1130 1826 testatoribus
1152 1771 1203 1827 ad-

121 1852 259 1918 haereant,
283 1863 369 1911 tamen
394 1856 562 1929 propinquos
584 1856 624 1911 vel
647 1855 758 1912 heredes
780 1873 809 1911 se
824 1856 905 1912 videri
922 1855 1024 1912 volunt.
1084 1858 1123 1913 55
1148 1857 1203 1912 llo-

121 1938 197 1996 villae
222 1947 288 1996 sunt
315 1941 389 1997 vicus
417 1941 451 1997 ad
479 1941 649 1997 undecimum
678 1940 792 2014 lapidem
819 1941 922 2015 Appiae
951 1941 1017 1996 viae.
1062 1956 1122 1995 nam
1152 1940 1202 1997 ali-

122 2026 229 2098 quando
252 2026 279 2080 in
303 2024 408 2083 Albano
430 2036 523 2083 monte
544 2026 577 2082 ab
599 2043 643 2082 ara
665 2026 773 2099 lugiens
796 2036 888 2083 taurus
910 2027 961 2082 iam
979 2033 1152 2082 consecratus
1167 2025 1204 2080 ibi

122 2108 332 2183 comprehensus
355 2120 406 2168 est.
450 2112 523 2168 unde
547 2111 659 2167 Bovillae
682 2111 776 2167 dictae.
883 2114 921 2170 56
945 2119 1074 2185 quattuor
1096 2110 1203 2168 milibus

121 2194 197 2253 abest
224 2195 307 2252 Virbii
335 2196 433 2262 clivus,
464 2214 517 2272 qua
545 2196 596 2254 iter
621 2196 716 2252 estad
739 2197 854 2253 Ariciam
876 2199 956 2254 etad
982 2213 1075 2252 nemus
1097 2198 1201 2260 Dianae,

121 2279 167 2338 ubi
189 2279 296 2337 Virbius
318 2281 432 2346 colitur,
463 2283 490 2339 id
512 2291 554 2338 est
576 2281 746 2356 Hippolytus,
774 2282 847 2356 quod
869 2282 909 2337 bis
931 2283 958 2337 in
980 2283 1060 2336 vitam
1081 2281 1203 2355 prolatus

121 2366 166 2423 sit.
189 2381 250 2422 nam
272 2383 334 2423 cum
349 2366 510 2443 Hippolytus
531 2368 681 2424 aPhaedra
705 2384 819 2423 noverca
843 2366 877 2422 ob
899 2367 1125 2440 pulchritudinem
1142 2383 1203 2422 cor·

121 2451 196 2526 poris
225 2461 374 2517 amaretur,
405 2470 460 2509 eam
483 2453 582 2526 sprevit
608 2453 690 2526 patris
713 2451 842 2508 thalamos
864 2452 961 2508 nolens
983 2451 1092 2507 violare.
1129 2454 1202 2525 quod

122 2554 183 2594 cum
212 2535 373 2611 hippolytus
401 2538 470 2612 patri
500 2547 635 2603 narraret,
666 2554 727 2593 eum
750 2554 864 2593 noverca
894 2553 971 2593 verso
999 2537 1108 2593 crimine
1130 2537 1202 2592 ultro

123 2621 226 2679 Theseo
248 2624 343 2678 marito
359 2623 501 2680 accusavit.
547 2640 601 2697 quo
617 2623 707 2696 agnito
726 2621 886 2696 llippolytus
902 2622 979 2695 fugit,
999 2631 1026 2678 et
1041 2620 1104 2677 dum
1120 2638 1203 2676 curru

122 2708 149 2764 ιιι
177 2707 258 2764 litore
285 2717 469 2774 exerceretur,
499 2709 576 2783 petiit
597 2726 611 2763 a
634 2709 759 2781 Neptuno
788 2708 906 2763 Theseus
935 2715 966 2763 nt
988 2708 1010 2762 ei
1036 2706 1152 2780 phoras,
1176 2705 1202 2762 id

123 2800 165 2850 est
185 2792 285 2849 vitulos
306 2794 424 2850 marinos
446 2793 609 2850 immitteret.
634 2810 688 2867 qno
712 2794 783 2850 lacto
806 2794 868 2866 equi
884 2794 940 2849 eius
956 2800 1126 2866 pavescentes
1142 2808 1203 2848 eum

122 2879 301 2939 lactaverunt.
332 2887 361 2935 et
388 2889 512 2935 mortuus
541 2888 591 2934 est.
636 2879 731 2934 dolens
758 2879 838 2934 ltiana
866 2879 1017 2952 speciosum
1051 2886 1203 2934 venatorem

122 2963 251 3027 amisisse,
275 2962 428 3038 Asclepium
451 2965 529 3021 deum
550 2963 695 3020 medicinae
723 2965 890 3021 inventorem
912 2965 997 3038 petiit,
1021 2973 1051 3019 ut
1073 2980 1133 3020 eum
1156 2979 1204 3018 sua

124 3056 181 3105 arte
210 3048 242 3104 ad
270 3048 350 3105 vitam
379 3050 527 3106 reduceret.
573 3067 626 3123 quo
657 3049 727 3105 lacto
750 3049 890 3123 Asclepius
912 3067 973 3106 eum
995 3050 1085 3105 vivum
1107 3049 1204 3104 Dianae

125 3133 258 3197 restituit,
287 3144 315 3191 et
343 3143 482 3208 acceptum
511 3135 590 3190 Diana
617 3134 645 3190 in
667 3135 730 3190 luco
753 3151 802 3190 suo
826 3143 856 3189 ut
878 3151 990 3190 securus
1011 3136 1112 3190 viveret
1134 3149 1203 3188 con-

124 3218 238 3275 secrarit
269 3227 297 3275 et
324 3218 442 3277 Virbium
475 3220 579 3275 vocavit
606 3220 719 3281 merito,
753 3219 828 3292 quod
857 3217 897 3274 bis
926 3219 952 3273 in
980 3218 1059 3273 vitam
1082 3216 1204 3290 prolatus

124 3313 204 3360 esset.
345 3305 475 3362 contiuuo
498 3305 561 3360 mihi
584 3304 684 3360 hlanius
711 3304 827 3360 occurrit
849 3305 894 3377 qui
917 3320 945 3359 se
967 3302 1092 3358 heredem
1114 3318 1203 3357 meum

125 3405 184 3446 esse
206 3388 279 3454 dicit,
303 3407 363 3447 cum
386 3407 447 3446 eum
469 3391 594 3447 nesciam.
617 3397 664 3445 aut
686 3398 759 3445 certe
782 3388 895 3444 hlanium
919 3388 982 3444 dicit
1008 3386 1154 3442 deformem
1177 3395 1204 3441 et

124 3475 248 3546 ignotum
269 3474 403 3532 hominem
424 3476 544 3550 eoquod
560 3476 661 3531 maniae
676 3474 802 3529 dicuntur
817 3473 935 3530 indecori
957 3472 1047 3528 vultus
1061 3487 1202 3545 personae,

125 3557 224 3633 quibus
246 3563 322 3632 pueri
344 3568 490 3618 terrentur.
579 3562 614 3617 61
642 3560 714 3633 apud
737 3558 855 3615 Athenas
878 3558 934 3614 ludi
957 3555 1160 3613 celebrabantur
1175 3557 1204 3612 in

212 3724 245 3774 52
263 3723 330 3776 insta
349 3723 400 3775 eti
419 3723 589 3784 fortassean
607 3739 623 3773 n
641 3725 785 3789 Poorr.p
856 3726 889 3775 54
908 3722 1045 3787 patruisP
1111 3722 1144 3772 55
1163 3735 1204 3771 ac-

128 3789 236 3843 cenea
306 3794 338 3844 56
358 3792 429 3843 uerbi
448 3794 515 3858 Ppr.
585 3792 775 3853 manniusdtP
793 3794 856 3841 item
874 3793 915 3852 60,
932 3791 1008 3840 red'
998 3806 1027 3839 m
1044 3805 1143 3839 rasura
1161 3790 1205 3839 hio

115 3859 204 3911 ,nnius
222 3858 341 3912 allecum
360 3861 384 3910 P
468 3864 498 3913 5¹1
519 3876 568 3927 quc
593 3876 624 3912 ex
644 3867 667 3910 α
757 3861 788 3912 58
807 3866 852 3910 aut
870 3861 935 3925 Ppr
1004 3862 1089 3909 tamen
1109 3873 1160 3910 om.
1180 3864 1204 3908 α

216 3929 249 3979 bl)
267 3929 344 3980 etiam
364 3927 385 3979 si
404 3930 527 3979 terraeP
609 3929 687 3979 ritum
705 3929 827 3979 Ptecnm
847 3935 870 3978 α
958 3929 990 3978 50
1009 3926 1142 3977 exstatP:
1161 3925 1204 3977 nel

128 3996 322 4063 exitsuperser.
332 3995 450 4063 penita
521 3999 637 4049 filesta
690 3995 861 4047 decursumP
912 3996 1047 4062 poseasP·
1061 4008 1147 4061 poscis
1157 4000 1203 4059 ap
