2656 4440
124 219 164 278 74
572 219 745 274 lVVENllLlS

121 397 195 456 haec
219 393 303 467 emis,
326 391 441 452 hirsuto
463 393 578 472 spirant
602 394 790 474 opobalsama
814 396 890 457 collo

123 498 199 559 quae
221 476 295 540 tibi?
319 496 356 539 ue
379 477 489 555 pudeat
511 479 664 541 dominum
688 490 854 543 monstrare
877 482 1028 544 tabernae.

123 564 201 644 quod
226 564 250 625 si
272 571 416 624 vexantur
437 563 517 643 leges
540 583 574 626 ac
595 565 669 640 iura,
693 566 777 627 citari

124 657 194 711 aute
218 667 322 709 omues
345 648 432 708 debet
454 648 616 711 Scantinia.
660 652 776 730 respice
798 652 928 731 primum

124 743 153 795 et
175 743 308 796 scrutare
331 733 417 795 viros.
462 734 575 796 faciunt
595 737 626 797 hi
649 736 744 815 plura,
767 737 819 798 sed
841 736 907 798 illos

124 819 256 880 defendit
278 815 422 880 numerus
444 820 622 900 iunctaeque
644 821 774 882 umbone
797 821 969 901 phalanges.

124 923 230 984 magua
253 905 331 965 iuter
353 903 457 966 molles
479 907 647 967 concordia.
693 926 754 968 nou
779 907 835 968 erit
857 907 949 967 ullum

125 989 292 1068 exemplum
314 990 345 1051 iu
369 999 472 1050 nostro
496 998 554 1051 tam
577 991 749 1053 detestabile
772 1011 853 1053 sexu.

125 1075 215 1136 blavia
240 1095 301 1136 non
324 1074 426 1135 lambit
448 1074 577 1137 Cluviam
600 1096 657 1138 uec
680 1077 766 1138 Flora
790 1077 945 1139 Catullam:

124 1161 216 1240 Hispo
239 1160 319 1222 subit
341 1161 463 1222 iuvenes
486 1170 515 1222 et
536 1162 641 1223 morbo
665 1162 754 1241 pallet
776 1171 912 1242 utroque.

127 1245 269 1324 numquid
294 1265 349 1306 nos
372 1246 485 1324 agimus
507 1266 618 1322 causas,
642 1247 736 1309 civilia
759 1248 822 1309 iura

123 1332 260 1392 novimus
283 1340 333 1391 aut
356 1331 415 1392 ullo
438 1333 564 1411 strepitu
586 1335 651 1394 fora
672 1342 768 1394 vestra
791 1329 964 1394 movemus?

123 1418 275 1477 luctantur
298 1434 418 1495 paucae,
443 1419 604 1479 comedunt
625 1418 761 1499 colyphia
784 1436 904 1497 paucae.

123 1521 174 1564 vos
196 1501 292 1561 lanam
315 1501 431 1563 trahitis
453 1503 633 1581 calathisque
655 1512 773 1582 peracta
795 1503 912 1564 refertis

123 1587 239 1660 vellera,
262 1605 312 1647 vos
334 1587 418 1648 tenui
440 1598 655 1667 praegnantem
678 1589 803 1649 stamine
826 1589 924 1650 fusum

125 1672 274 1750 Penelope
296 1672 410 1747 melius,
433 1672 524 1735 levius
546 1675 690 1752 torquetis
712 1673 857 1746 Arachne,

123 1757 244 1818 horrida
267 1757 353 1835 quale
375 1757 444 1818 lacit
466 1758 599 1819 residens
621 1759 651 1819 in
676 1759 778 1819 codice
800 1758 912 1837 paelex.

125 1853 229 1904 notum
254 1850 298 1904 est
319 1860 374 1903 cur
396 1842 459 1904 solo
482 1842 597 1904 tabulas
619 1843 776 1922 inpleverit
798 1843 897 1904 Hister

124 1928 240 2003 liberto,
263 1927 377 1988 dederit
397 1927 479 1989 virus
501 1947 555 1989 cur
577 1929 668 1989 multa
691 1929 814 2007 puellae.

124 2014 204 2074 dives
227 2013 283 2073 erit
305 2031 413 2091 magno
437 2031 512 2091 quae
535 2012 644 2074 dormit
665 2014 752 2074 tertia
774 2013 862 2074 lecto.

124 2108 157 2158 tu
180 2097 261 2158 nube
283 2106 371 2176 atquc
393 2106 473 2158 tace:
496 2097 609 2159 donant
631 2117 738 2160 arcana
761 2099 921 2180 cylindros.

124 2183 159 2243 de
184 2182 271 2244 uobis
293 2181 455 2261 posthaec
478 2182 570 2245 tristis
593 2185 740 2245 sententia
763 2181 879 2245 fertur?

122 2268 172 2329 dat
192 2267 306 2328 veniam
330 2267 434 2341 corvis,
457 2277 542 2329 vexat
562 2287 687 2331 censura
710 2258 880 2330 columbas.³

122 2390 189 2455 simi,
212 2391 288 2464 prior
304 2407 409 2456 censor,
432 2391 568 2463 posterior
583 2409 668 2464 nepos
683 2392 775 2465 ipsius.
800 2391 846 2465 qui
869 2390 902 2447 de
923 2387 1017 2445 mortis
1031 2386 1093 2444 loco
1109 2387 1196 2445 dictus

122 2485 163 2534 est
176 2475 308 2532 Vticensis
330 2475 405 2533 Cato.
492 2480 533 2534 44
556 2477 597 2532 lex
620 2478 653 2534 de
675 2476 817 2533 infamibus
839 2474 991 2548 puniendis.
1079 2474 1119 2530 46
1136 2474 1198 2548 quia

121 2561 298 2625 multisunt,
332 2561 392 2618 ideo
419 2577 475 2617 non
502 2570 672 2619 accusantur.
700 2571 732 2619 ut
753 2563 876 2618 Lucanus
898 2560 938 2634 [5.
962 2557 1035 2633 260]
1055 2548 1198 2633 ‘quicquid

121 2646 213 2704 multis
234 2655 371 2720 peccatur,
395 2646 510 2703 inultum
533 2634 600 2704 est’.
731 2651 769 2706 50
794 2655 821 2703 et
843 2647 944 2721 patitur
967 2653 994 2701 et
1015 2643 1117 2701 lambit.

209 2733 247 2790 53
271 2732 431 2788 athletarum
453 2732 542 2788 cibum
565 2732 637 2789 dicit.
726 2734 764 2790 56
788 2731 911 2788 Arachne
933 2730 1008 2804 virgo
1023 2729 1104 2804 Lydia
1126 2729 1198 2786 lani-

122 2816 181 2886 fica,
204 2832 284 2889 quam
307 2817 423 2872 llinerra
444 2834 494 2890 pro
517 2816 630 2881 invidia,
655 2818 782 2891 quoniam
804 2834 867 2873 ausa
888 2816 939 2873 luit
961 2815 988 2870 in
1011 2824 1145 2873 certamen
1168 2833 1197 2872 se

122 2916 280 2976 provocare,
304 2901 331 2955 in
353 2917 476 2957 araneam
499 2902 640 2958 convertit.
728 2906 765 2961 57
789 2919 887 2975 magno
911 2901 973 2958 odio
989 2900 1104 2958 habetur
1125 2900 1197 2973 apud

121 3002 233 3042 uxorem
256 3001 377 3058 eaquae
400 2986 508 3042 domiuo
531 2987 666 3044 miscetur.
689 3005 753 3061 ergo
776 2987 846 3044 hauc
867 2987 1011 3061 insequens
1029 2983 1196 3059 gravioribus

121 3070 217 3144 poeuis
239 3070 346 3127 domina
374 3078 466 3128 catena
494 3072 610 3128 vinctam
638 3072 725 3146 infigit
746 3072 831 3129 codici
853 3081 933 3146 atque
955 3072 990 3128 ita
1012 3071 1087 3128 iubet
1108 3071 1197 3128 lacere

121 3173 214 3231 pensa.
317 3157 355 3215 58
378 3156 468 3214 llister
483 3157 590 3231 quidam
604 3156 718 3222 infamis,
742 3159 788 3231 qui
811 3174 890 3215 omne
904 3157 1095 3232 patrimonium
1116 3174 1196 3212 suum

122 3242 195 3298 vivus
218 3241 326 3298 donavit
347 3243 434 3298 uxori.
464 3243 499 3298 ob
527 3242 595 3298 hauc
623 3243 724 3300 scilicet
746 3260 861 3307 causam,
885 3251 915 3299 ut
936 3241 1015 3298 simul
1038 3239 1153 3298 dormiat
1174 3243 1196 3298 is

122 3328 169 3401 qui
191 3335 219 3384 et
239 3327 314 3383 illum
336 3337 523 3402 corrumperet
550 3337 578 3384 et
598 3328 636 3383 illi
657 3329 824 3386 misceretur.
956 3329 994 3385 60
1019 3343 1087 3400 quae
1110 3327 1197 3384 videat

122 3413 259 3487 corrumpi
280 3429 372 3469 senem
394 3424 419 3470 et
441 3421 527 3470 taceat
549 3413 693 3487 cupiditate
708 3413 832 3469 habendi.
915 3402 1016 3467 ‘tertia
1040 3418 1086 3467 aut
1102 3411 1197 3468 ordine

123 3507 170 3553 aut
192 3514 290 3554 nomen
312 3498 451 3571 proprium
474 3508 523 3562 est,
547 3506 578 3553 ut
598 3507 676 3572 putat
697 3498 813 3555 Probus.
837 3506 864 3554 et
886 3496 985 3553 dormis
1009 3503 1036 3551 et
1057 3496 1109 3552 eris
1131 3496 1197 3570 legit

121 3583 254 3639 secundae
274 3578 423 3656 personae’
450 3583 541 3642 Vallo.
672 3586 708 3641 61
734 3599 851 3656 gemmas
872 3581 1087 3656 pretiosissimas.

207 3670 245 3726 63
269 3669 442 3742 proverbium
464 3678 513 3726 est.
601 3668 724 3725 discrevit
745 3685 838 3724 sexum
859 3684 907 3742 per
924 3683 994 3724 aves·

207 3784 240 3833 43
258 3784 360 3834 acturae
378 3783 445 3849 Ppr.
464 3784 560 3846 (actore
580 3784 673 3834 lamma
692 3781 720 3847 S)
740 3784 766 3833 at
783 3781 838 3833 iure
856 3781 968 3832 Iahnius
1063 3783 1097 3834 44
1114 3780 1196 3848 respi-

124 3863 181 3899 cere
200 3850 267 3915 Ppr.
360 3853 392 3902 45
411 3851 435 3902 hi
455 3856 539 3902 totum
557 3851 586 3900 a'n
605 3851 689 3901 litura
706 3851 744 3904 P.
761 3849 854 3901 malim
872 3849 969 3902 iaciunt
986 3849 1074 3916 peiora
1161 3850 1194 3900 49

121 3914 207 3967 Meuia
220 3932 255 3982 p:
273 3915 358 3969 Media
377 3921 399 3970 P
415 3917 494 3971 Tedia
513 3924 543 3968 ω
557 3916 636 3970 Vedia
650 3918 818 3970 ilar-mannus
886 3920 919 3972 50
932 3916 1021 3984 Hispo]
1035 3917 1057 3970 is
1069 3921 1098 3969 in
1111 3918 1195 3968 litura

121 3985 145 4034 P
160 3983 242 4051 Hippo
262 3985 355 4036 lemma
375 3986 395 4038 S
412 3985 508 4054 Hisppo
528 3985 741 4038 Vindobonenaie
810 3987 843 4039 52
861 3984 988 4040 lllouimus
1007 3987 1075 4053 Ppr.
