2656 4440
529 222 661 275 SATVRA
682 222 713 274 Vl

84 414 146 456 rem
170 394 299 476 duplica.
333 388 419 469 ‘leci;
442 395 499 456 iam
523 396 639 475 triplex,
663 397 718 456 iam
742 395 813 457 mihi
836 403 952 475 quarto,

85 481 141 542 iam
164 481 265 542 decies
287 481 364 542 redit
385 481 416 541 in
440 499 559 559 rugam3
583 483 721 561 depunge
743 480 794 541 uhi
817 470 936 542 sistam?

86 566 234 640 inventus,
257 564 431 647 Chrysippo,
454 566 496 626 tui
519 567 620 627 finitor
641 566 747 628 acervi.
1136 574 1165 625 80

86 739 112 794 in
141 746 244 796 catasta
271 738 457 813 ponebantur,
487 748 519 795 ut
541 739 629 795 omnia
653 739 680 794 in
703 739 740 795 eis
763 746 874 811 possent
894 738 1013 795 membra
1036 737 1166 812 conspici.

171 822 213 879 vel
242 824 303 898 quia
333 823 503 898 Cappadoces
532 824 686 881 dicerentur
714 823 814 880 habere
843 822 960 879 studium
989 823 1110 880 naturale
1132 824 1166 880 ad

87 908 151 964 lalsa
184 908 336 966 testimonia
367 908 540 984 proferenda.
584 911 630 983 qui
662 909 757 966 nutriti
782 925 796 963 a
818 908 933 982 pueritia
963 909 991 963 in
1025 909 1166 965 tormentis

87 992 210 1050 eculeum
238 993 287 1051 sibi
317 993 404 1052 lacere
433 995 576 1058 dicuntur,
605 1002 636 1051 ut
663 995 690 1050 in
719 1011 751 1051 eo
773 993 934 1051 seinvicem
957 1001 1117 1067 torquerent
1139 1002 1167 1051 et

87 1095 148 1135 cum
170 1079 197 1133 in
212 1096 300 1153 poena
315 1080 503 1154 perdurarent,
525 1081 556 1136 ad
572 1079 638 1136 lalsa
653 1079 806 1135 testimonia
820 1095 851 1135 se
865 1077 934 1135 bene
949 1095 1046 1136 venum
1062 1079 1165 1136 darent.

171 1162 313 1237 plausisse.
342 1165 467 1239 quoniam
497 1165 604 1222 venales
632 1174 775 1238 antequam
803 1163 830 1219 in
858 1172 957 1220 catasta
982 1164 1165 1239 imponantur,

88 1257 198 1305 cantant
218 1248 336 1306 universi
357 1250 458 1324 pariter
480 1266 556 1306 more
578 1251 666 1324 gentis
687 1266 760 1306 suae.
871 1251 910 1308 79
933 1249 959 1304 in
982 1265 1077 1322 rugam
1099 1248 1167 1306 alle-

87 1333 195 1407 goricos
218 1334 282 1392 dixit
304 1352 318 1390 a
340 1335 468 1399 vestibus,
492 1336 566 1409 quod
588 1335 620 1391 ad
643 1353 738 1408 rugam
764 1333 906 1408 plicentur.
1016 1335 1054 1393 80
1079 1334 1165 1408 Chry-

88 1420 181 1493 sippus
203 1419 383 1493 philosophus
404 1420 589 1494 syllogismum
611 1421 712 1477 soriten
733 1418 846 1483 vocavit,
870 1436 950 1493 quem
972 1436 1021 1492 per
1035 1419 1167 1476 adiectio-

87 1519 149 1559 nem
182 1513 210 1560 et
242 1505 434 1562 detractionem
467 1522 499 1561 ex
531 1506 617 1562 acervi
650 1504 816 1562 frumentarii
846 1503 1016 1581 similitudine
1039 1504 1167 1561 ostendit.

88 1603 152 1661 ergo
175 1598 257 1663 poeta
279 1589 332 1646 hoc
354 1589 433 1647 dicit:
457 1599 673 1664 quantacumque
695 1607 775 1646 avaro
798 1590 958 1646 abundantia
982 1598 1085 1647 crescat
1098 1589 1167 1646 sub-

87 1673 208 1739 stantiae,
239 1690 295 1731 non
317 1675 430 1732 satiatur
452 1686 478 1731 et
499 1675 538 1731 sie
559 1677 588 1732 in
609 1674 742 1731 infinitum
764 1675 916 1750 cupiditatis
938 1675 1096 1731 desiderium
1119 1691 1167 1730 ex-

88 1758 188 1825 tendit,
218 1769 251 1816 ut
280 1761 327 1834 qui
348 1761 405 1817 eius
427 1761 552 1818 avaritiae
573 1760 651 1817 linem
675 1759 791 1817 voluerit
812 1777 924 1834 ponere,
948 1760 1024 1817 lacile
1045 1761 1167 1817 videatur

88 1844 164 1900 etiam
187 1844 374 1920 syllogismum
397 1846 536 1921 Chrysippi
559 1846 678 1902 delinire.

174 2011 207 2062 to
226 2007 337 2076 depinge
351 2025 370 2075 p
440 2013 472 2064 80
491 2010 614 2062 luuentus
628 2011 683 2060 ul>
697 2026 766 2061 corr.
784 2026 802 2076 p
868 2009 991 2076 explicuit
1004 2010 1164 2072 (correctum

89 2078 119 2125 in
136 2076 253 2142 explicit)
270 2076 393 2144 Persius!
409 2077 598 2131 'l'liebnidorum
616 2085 701 2130 satura
719 2079 722 2144 Ι
739 2078 848 2129 leliciter
866 2085 938 2129 utere
960 2079 964 2141 Ι
986 2091 1087 2143 semper
1104 2075 1166 2127 ielix

88 2145 172 2210 qu'
185 2146 298 2212 prologi
315 2147 373 2198 loco
398 2149 506 2198 antibat
531 2151 668 2212 sequentes
693 2147 862 2198 odollambos.
931 2144 1003 2196 Persi
1021 2144 1105 2196 Flacci
1124 2157 1167 2196 so.-

88 2216 201 2331 {iyarmarbum
227 2213 359 2282 {explicit
376 2214 492 2268 feliciter.
529 2215 587 2266 Vita
608 2214 722 2266 eiusdem
742 2223 765 2266 α
784 2218 831 2280 qui
847 2217 902 2265 iam
919 2216 1089 2278 subiungant
1106 2214 1166 2263 eho·

168 2296 199 2332 oa
