2656 4440
445 247 539 301 LIBER
556 248 567 301 Ι
601 247 733 302 servite
750 248 771 301 11

71 431 156 501 atque
178 439 240 483 una
262 422 389 484 transire
411 422 516 482 vadum
538 431 582 483 tot
602 422 681 482 milia
705 422 810 483 cumba

71 526 124 569 nec
145 507 234 587 pueri
257 508 392 583 credunt,
415 508 473 570 nisi
495 508 547 585 qui
570 506 704 569 nondum
726 526 793 568 aere
816 507 959 568 lavantur.

70 593 118 654 sed
141 602 175 654 tu
197 609 268 653 vera
289 602 370 672 puta.
416 592 522 654 Curius
545 592 615 672 quid
638 593 730 654 sentit
753 602 782 653 et
804 590 890 652 ambo

70 677 231 758 Scipiadae,
255 678 326 756 quid
349 677 501 739 Fabricius
523 696 684 756 manesque
707 677 829 747 Camilli,

71 763 138 841 quid
163 762 320 824 Cremerae
343 763 420 842 legio
443 772 473 824 et
495 762 605 824 Cannis
627 772 802 841 consumpta
826 764 972 835 iuventus,
1102 773 1144 823 155

69 855 112 909 151
134 847 282 909 bellorum
305 848 429 921 animae,
452 848 590 927 quotiens
612 848 683 909 hinc
705 848 772 909 talis
795 847 830 908 ad
852 847 918 908 illos

71 933 174 994 umbra
196 932 301 995 renit‘l
322 942 470 1012 cuperent
490 932 620 1008 lustrari,
643 934 667 994 si
690 953 748 1012 qua
770 933 912 994 darentur

70 1020 191 1099 sulpura
214 1037 283 1081 cum
305 1018 397 1080 taedis
420 1018 495 1079 etsi
518 1019 596 1079 soret
616 1019 714 1079 umida
737 1020 847 1080 laurus.

70 1104 128 1166 illic
149 1105 211 1165 heu
233 1104 335 1166 miseri
356 1103 548 1165 traducimur.
593 1122 675 1164 arma
698 1105 817 1183 quidem
839 1103 917 1164 ultra

70 1191 156 1251 litora
177 1189 322 1262 Iuvernae
344 1189 547 1269 promovimus
569 1197 599 1249 et
620 1189 708 1250 modo
732 1198 832 1268 captas

71 1275 200 1337 Orcadas
222 1293 257 1336 ac
278 1275 401 1336 minima
424 1282 582 1335 contentos
605 1283 693 1335 nocte
716 1275 884 1348 Britannos,

70 1360 120 1422 sed
144 1378 220 1439 quae
244 1379 325 1422 nunc
346 1360 450 1440 populi
473 1361 550 1420 fiunt
570 1360 691 1419 victoris
714 1360 744 1419 in
768 1359 853 1433 urbe,

70 1465 131 1506 non
155 1445 269 1507 faciunt
291 1445 333 1506 illi
356 1464 430 1524 quos
452 1445 585 1505 vicimus.
630 1453 779 1506 ettamen
805 1462 883 1505 unus

70 1530 229 1592 Armenius
251 1530 369 1591 Zalaces
391 1531 506 1591 cunctis
531 1538 670 1591 narratur
692 1529 816 1608 ephebis

70 1615 188 1676 mollior
209 1615 325 1677 ardenti
348 1635 413 1677 sese
436 1615 594 1677 indulsisse
621 1613 752 1675 tribuno.

69 1702 168 1780 aspice
190 1701 261 1780 quid
283 1701 394 1761 faciant
416 1701 610 1761 commercia:
633 1710 755 1760 venerat
778 1697 874 1771 obses

68 1787 116 1846 hic
139 1786 217 1847 fiunt
238 1787 384 1847 homines.
428 1804 497 1847 nam
520 1786 544 1846 si
567 1803 650 1846 mora
672 1784 791 1862 longior
813 1782 918 1845 urbem

69 1869 192 1932 indulsit
214 1870 325 1951 pueris,
348 1889 410 1931 non
434 1889 598 1949 numquam
621 1871 697 1931 derit
719 1878 840 1930 amator.

158 2127 217 2187 152
240 2128 365 2186 infantes.
388 2128 450 2202 quia
472 2130 551 2202 pueri
573 2145 628 2184 non
650 2128 714 2184 dant
736 2127 926 2184 balneaticum.
1017 2128 1074 2183 155
1100 2126 1146 2199 qui

70 2214 141 2288 apud
164 2213 314 2271 Cremeram
337 2214 406 2271 caesi
428 2223 502 2270 sunt.
526 2214 561 2269 ibi
585 2214 653 2270 enim
676 2213 737 2269 CCC
760 2211 831 2268 Fabii
854 2210 934 2269 occisi
957 2221 1020 2267 sunt
1046 2210 1145 2267 victia

70 2297 239 2363 Veientibus,
263 2315 332 2373 quos
356 2299 480 2355 Camillus
503 2299 646 2373 superavit.
775 2298 802 2352 in
825 2296 919 2371 Apulia
941 2296 1015 2352 vicus
1037 2297 1147 2353 nomine

70 2385 190 2450 655555,
221 2381 269 2441 ubi
291 2383 423 2440 Hannibal
446 2401 552 2441 omnem
574 2384 720 2440 exercitum
741 2384 924 2439 Romanorum
952 2381 1050 2437 occidit
1072 2381 1146 2438 victis

69 2469 152 2528 Paulo
176 2479 203 2527 et
224 2469 344 2527 Varrone
367 2469 531 2526 consulibus.
555 2477 659 2526 tanturn
682 2469 752 2526 enim
774 2466 903 2540 populum
933 2466 1084 2539 superavit,
1115 2474 1146 2521 ut

69 2555 155 2612 tribus
177 2554 273 2612 modiis
295 2554 438 2613 anulorum
460 2554 575 2629 impletis
598 2554 631 2611 ad
655 2553 840 2626 Carthaginem
869 2552 980 2607 miserit.
1010 2569 1025 2608 e
1048 2549 1146 2626 quibus

69 2639 225 2698 consulibus
242 2639 324 2696 Varro
339 2639 416 2715 fugit,
432 2640 532 2697 Paulus
547 2639 684 2696 occubuit.
798 2639 855 2695 156
876 2637 1000 2693 Lucanus
1017 2634 1056 2711 [6,
1074 2634 1146 2708 786]

66 2715 207 2783 ‘inlustres
230 2723 306 2782 bellis
329 2720 457 2783 animas'.
582 2729 638 2784 157
663 2723 737 2798 Virg.
761 2720 841 2797 [den.
860 2725 887 2786 6,
905 2720 978 2795 229]
998 2711 1082 2778 ‘idem
1105 2728 1146 2777 ter

68 2812 158 2868 socios
180 2827 249 2885 pora
271 2810 434 2868 circumtulit
455 2805 553 2867 unda’.
654 2813 711 2868 160
735 2808 763 2865 id
785 2818 826 2865 est
846 2807 977 2864 vincendo
1000 2807 1070 2863 ultra
1085 2806 1147 2862 Bri-

69 2896 174 2954 tannias
195 2912 307 2970 quoque
329 2896 509 2953 transivimus.
537 2897 584 2952 sed
614 2896 760 2952 deteriores
788 2911 881 2950 sumus
910 2893 950 2948 bis
974 2892 1071 2967 quibus
1095 2894 1147 2948 inr-

67 2999 205 3058 petamus.
339 2981 454 3037 luberna
476 2980 561 3037 insula
584 2981 733 3037 Britanniae
756 2989 798 3036 est
818 2980 867 3035 sita
890 2979 917 3033 in
940 2979 1046 3035 Oceano
1069 2979 1146 3034 mari.

69 3086 84 3126 a
99 3084 153 3144 qua
167 3084 224 3124 non
246 3067 330 3141 longe
351 3076 415 3123 sunt
430 3067 497 3122 111111
513 3066 579 3123 aliae
595 3067 712 3123 Oreades
734 3064 846 3127 insulae,
871 3080 937 3137 quas
952 3063 1018 3120 Mela
1036 3063 1075 3137 [3,
1095 3062 1144 3136 53]

68 3152 172 3210 scribit.
274 3154 329 3210 161
355 3152 424 3209 circa
446 3152 589 3208 solstitium
611 3153 638 3207 in
659 3150 791 3207 Britannia
814 3166 901 3222 prope
923 3164 977 3203 nox
999 3147 1072 3204 nulla
1096 3155 1145 3210 est,

69 3239 118 3295 bac
140 3236 242 3295 scilicet
264 3253 358 3303 causa,
390 3237 451 3312 quia
474 3237 577 3293 vicinus
599 3253 710 3293 occasus
734 3242 760 3290 et
782 3242 858 3290 ortus
886 3231 983 3288 ibidem
1012 3233 1085 3288 solis.
1115 3251 1147 3289 ex

69 3323 181 3398 obliquo
219 3322 290 3380 enim
327 3331 415 3380 terrae
447 3323 567 3397 margine
598 3321 645 3377 lux
677 3319 823 3382 redundat,
858 3328 885 3375 et
916 3318 1063 3390 proximam
1096 3316 1147 3373 sibi

68 3408 183 3465 insulam
210 3416 238 3466 et
265 3406 390 3464 noctibus
419 3416 447 3465 et
474 3407 568 3464 diebus
594 3406 725 3463 illustrem
759 3403 854 3460 reddit.
994 3405 1052 3460 164
1076 3419 1146 3458 unus

69 3494 116 3568 qui
148 3493 176 3549 in
210 3492 360 3550 obsidatum
393 3493 470 3550 datus
500 3492 601 3558 luerat,
633 3509 646 3546 a
676 3490 791 3565 quodam
821 3487 929 3544 tribuno
961 3485 1048 3560 plebis
1082 3504 1146 3544 cor-

68 3578 253 3653 rumpebatur.

157 3813 206 3863 159
224 3810 288 3862 11155
305 3811 332 3874 Ρ,
351 3808 397 3860 1115
415 3811 445 3859 in
465 3809 550 3859 litura
568 3808 702 3858 breuiores
720 3811 795 3858 uocis
808 3811 839 3857 ut
851 3804 889 3856 llu
903 3825 908 3854 :
921 3804 976 3855 lllic
995 3811 1025 3854 11)
1038 3841 1045 3855 .
1058 3804 1088 3854 id
1101 3819 1145 3854 su·

67 3881 224 3946 pectoribus
242 3878 455 3929 odiunoeormnuc
474 3878 588 3927 antebac
673 3879 752 3939 arma]
771 3891 795 3926 rn
816 3891 850 3924 etc
867 3874 883 3924 b
902 3877 914 3922 ἲ
931 3874 955 3923 P
1040 3874 1087 3925 160
1108 3872 1146 3923 iu-

70 3961 150 4016 uernc
168 3951 198 3998 in
216 3947 301 3997 litura
324 3946 408 3997 mullo
434 3948 595 4012 spatiosiore
612 3946 636 3995 P
656 3943 784 4008 (Litoralia
805 3959 830 4009 p.
848 3959 872 4008 p.
899 3941 991 3992 lemma
1011 3941 1043 4004 S,
1062 3941 1147 3992 lauer-

70 4031 119 4070 nae
136 4015 283 4080 Leidenst'e)
354 4016 400 4067 161
421 4018 583 4080 contemptos
601 4015 745 4077 Pcorr.p
820 4012 866 4063 168
886 4025 1005 4077 umquam
1024 4016 1054 4059 w
