2656 4440
129 189 169 248 30
610 189 714 244 PERSll

129 366 187 426 hoc
209 372 255 425 est
277 365 356 442 quod
379 363 495 445 palles?
517 383 572 426 cur
594 365 660 444 quis
683 383 744 424 non
767 363 913 443 prandeat
934 365 991 425 hoc
1014 355 1109 427 estl'’
1180 375 1208 427 at

128 450 174 511 his
195 450 325 529 populus
346 449 432 525 ridet
455 451 640 548 multumque
662 458 762 511 torosa
784 450 921 511 iuventus

128 535 295 637 ingeminat
315 536 457 598 tremulos
479 554 552 597 naso
576 535 725 615 crispante
749 535 920 597 cachinnos.

167 612 317 699 “inspice,
340 622 441 683 nescio
463 622 534 700 quid
557 621 684 699 trepidat
704 620 777 681 mihi
800 628 905 699 pectus
927 628 957 680 et
959 619 1076 721 aegris

128 705 263 768 faucibus
286 716 443 787 exsuperat
464 706 560 785 gravis
582 706 730 779 halitus,
722 706 837 786 inspice
859 697 967 767 sodes''

128 792 179 870 qui
202 791 274 853 dicit
294 791 450 865 medico,
442 811 540 853 iussus
560 792 759 870 requiescere,
781 802 938 870 postquam

127 876 211 938 tertia
235 877 405 957 conpositas
425 876 498 938 vidit
519 895 578 936 nox
601 894 722 937 currere
743 895 843 950 venas,

127 962 163 1023 de
185 961 297 1024 maiore
319 963 408 1024 domo
431 961 546 1023 modice
567 961 686 1023 sitiente
708 961 832 1041 lagoena

127 1047 206 1108 lenia
227 1048 324 1108 loturo
346 1047 402 1110 sibi
426 1047 602 1150 Surreptina
624 1046 771 1150 rogabit

123 1125 223 1195 “heus
244 1133 334 1207 bone,
356 1141 390 1194 tu
412 1125 533 1230 pallesff’
577 1124 676 1193 “nihil
699 1122 771 1194 est'
815 1124 937 1192 ‘videas
959 1138 1058 1190 tamen
1082 1129 1162 1191 istuc

123 1218 271 1364 quidquid
293 1218 323 1279 id
346 1227 399 1291 est,
421 1217 517 1297 surgit
538 1217 626 1280 tacite
648 1216 701 1279 tibi
724 1218 802 1278 lutea
824 1208 939 1296 pellis.''
1177 1223 1207 1275 tt

147 1311 232 1365 attu
254 1303 383 1364 deterius
405 1304 507 1383 palles.
552 1323 589 1364 ne
611 1303 651 1364 sis
673 1303 744 1363 mihi
768 1311 859 1404 tepor.

124 1389 182 1449 iam
206 1389 322 1468 pridem
345 1389 425 1450 huno
448 1388 556 1468 sepeli.
580 1398 610 1448 tu
633 1381 806 1450 restasl”t
808 1381 923 1466 ‘perge
945 1375 1079 1447 tacebo.''

125 1473 262 1553 turgidus
284 1473 331 1534 hic
354 1473 449 1552 epulis
470 1478 559 1552 atque
582 1473 649 1534 albo
671 1481 774 1534 ventre
796 1472 917 1545 lavatur,

126 1568 246 1636 gutture
268 1558 423 1638 sulpureas
446 1558 525 1620 lente
548 1559 700 1619 exhalante
723 1559 846 1619 mefites.

126 1644 177 1703 sed
200 1651 312 1705 tremor
333 1644 413 1705 inter
434 1643 501 1704 vina
522 1644 602 1705 subit
624 1643 810 1721 calidumque
832 1642 971 1703 trientem
1163 1651 1206 1703 191

127 1728 237 1789 excutit
259 1747 276 1790 a
298 1728 445 1804 manibus,
469 1729 574 1790 dentes
596 1746 740 1808 crepuere
763 1727 875 1805 retecti,

126 1821 214 1874 uncta
237 1814 349 1875 cadunt
370 1814 442 1876 laxis
464 1823 538 1875 tunc
559 1812 757 1894 pulmentaria
779 1812 878 1873 labris.

212 1987 251 2045 86
274 1995 321 2044 aut
341 1986 456 2043 multum
477 1986 547 2042 ridet
560 1994 608 2042 aut
621 1985 736 2042 multum
752 1985 895 2042 cachinnos
910 1984 1057 2058 ingeminat
1071 1991 1119 2041 aut
1132 1984 1206 2043 mul·

124 2080 181 2127 tum
196 2071 326 2128 tremulos
342 2080 390 2128 aut
403 2070 516 2128 multum
533 2087 598 2127 naso
614 2070 756 2144 crispante.
845 2072 884 2129 89
905 2071 994 2126 sodes.
1037 2078 1085 2126 aut
1105 2070 1207 2128 sodalis

124 2165 171 2212 aut
181 2155 305 2229 antiquae
316 2155 490 2213 affectationis
503 2165 552 2221 est,
565 2157 632 2213 adeo
645 2166 674 2212 ut
685 2156 776 2212 soluto
789 2172 821 2212 eo
833 2155 940 2229 quidam
951 2155 993 2212 usi
1004 2154 1067 2219 sint,
1083 2155 1205 2213 utPlau·

124 2249 167 2297 tus
198 2242 245 2315 qui
272 2258 322 2315 per
349 2241 540 2298 resolutionem
570 2241 609 2298 sic
636 2242 673 2297 ait
694 2240 765 2315 [ool.
791 2239 861 2314 179]
878 2234 938 2296 ‘dic
965 2239 1037 2305 mibi,
1067 2240 1091 2295 si
1112 2243 1205 2308 eudes,

124 2343 194 2400 quae
215 2334 258 2383 est
279 2344 310 2384 ea
332 2343 411 2401 quam
432 2327 471 2383 vis
495 2327 594 2384 ducere
614 2321 759 2383 uxorem‘l'
839 2326 878 2384 92
902 2326 935 2381 de
957 2325 1040 2381 nobili
1061 2325 1206 2399 apotheca.

120 2412 234 2485 lagoena
256 2429 312 2469 non
330 2412 407 2470 valde
421 2413 509 2487 plena,
533 2429 602 2487 quae
623 2429 679 2469 non
700 2411 842 2486 impleatur
863 2411 914 2466 nisi
936 2427 1022 2485 usque
1043 2410 1076 2466 ad
1094 2410 1205 2469 collum.

122 2498 164 2556 vel
197 2499 272 2573 quod
302 2506 435 2556 uetustate
461 2499 628 2572 decoquatur
656 2515 687 2554 ac
717 2515 766 2572 per
794 2499 846 2554 boo
872 2513 932 2553 sese
953 2504 1088 2569 tamquam
1110 2495 1206 2553 sitiens

122 2582 220 2640 ebibat.
329 2588 368 2644 93
398 2585 561 2642 Surrentum
596 2583 724 2658 oppidum
752 2582 909 2657 Campaniae
938 2582 1012 2656 quod
1041 2581 1113 2636 bona
1142 2584 1205 2639 vina

124 2670 214 2727 mittit.
257 2669 285 2725 id
314 2680 356 2727 est
384 2670 468 2728 electa
498 2670 567 2726 lenia
595 2671 655 2725 vina
683 2669 857 2732 Surrentina,
888 2683 949 2722 cum
971 2667 1026 2723 sint
1047 2665 1205 2724 fortissima.

121 2755 194 2811 unde
226 2763 254 2810 et
283 2753 410 2811 Horatius
443 2754 508 2829 [sot.
532 2756 560 2818 2,
585 2757 614 2818 4,
639 2752 690 2826 55]
718 2747 891 2809 ‘Surrentina
926 2750 996 2808 valer
1031 2752 1077 2825 qui
1110 2752 1208 2810 miscet

122 2838 197 2895 faece
219 2833 350 2893 llalerna.²
431 2842 471 2897 94
494 2838 705 2895 introducuntur
726 2853 840 2893 monens
863 2845 889 2892 et
910 2836 1028 2892 monitus
1050 2835 1205 2910 loquentes,

122 2939 239 2997 quorum
267 2921 369 2976 alterna
398 2922 539 2995 responsio
568 2929 618 2978 est.
706 2924 745 2979 95
769 2920 927 2995 hydropicis
951 2921 1039 2977 luteus
1062 2920 1140 2977 color
1163 2931 1207 2979 est

120 3007 149 3063 id
182 3014 224 3064 est
254 3005 430 3062 subcroceus.
518 3008 557 3064 99
586 3014 714 3078 aegrotus
747 3005 924 3065 excandescit.
969 3014 999 3061 ut
1031 3006 1082 3063 diei
1114 3006 1204 3065 solet:

122 3094 185 3168 quid
207 3109 251 3149 me
272 3089 388 3147 mones‘l
409 3109 459 3165 ego
482 3092 534 3147 iam
556 3091 658 3165 pridem
682 3098 798 3147 tutorem
820 3107 907 3147 meum
924 3090 1016 3146 extuli.
1083 3094 1122 3150 99
1140 3094 1206 3150 sul-

112 3180 211 3237 vloreas
240 3176 344 3233 mefites
365 3193 380 3232 a
401 3176 462 3234 loco
485 3175 568 3232 fetido
592 3175 657 3232 dixit
686 3176 731 3248 qui
753 3176 781 3231 in
803 3175 876 3231 ltalia
898 3176 1013 3249 graviter
1035 3177 1129 3250 spirat.
1175 3187 1208 3235 ut

122 3264 254 3338 Vergilius
277 3259 357 3337 [den.
376 3266 404 3327 7,
422 3261 473 3336 84]
490 3255 665 3335 ‘saevamque
692 3260 795 3317 exhalat
818 3277 899 3335 opaca
921 3255 1042 3318 mefitin'.
1086 3278 1137 3336 per
1158 3263 1207 3318 in-

122 3350 298 3424 digestionem
332 3348 446 3403 vomitus
474 3346 596 3403 sulfurei.
729 3349 787 3404 199
811 3346 874 3403 dicit
905 3346 1013 3402 calicem
1044 3346 1123 3404 talem
1156 3349 1207 3422 qui

12 3472 15 3478 -
122 3435 226 3492 tertiam
246 3440 351 3508 partem
372 3432 477 3488 sextarii
500 3433 579 3506 capit.
624 3440 671 3488 aut
693 3441 747 3487 tres
773 3431 892 3488 heminas
915 3432 1070 3505 capientem.

207 3617 239 3666 91
258 3613 330 3666 uidet
346 3615 370 3664 P
453 3615 486 3666 92
505 3613 598 3665 silente
615 3613 794 3678 Psicientep
864 3613 923 3678 logo
942 3618 1043 3664 senaa
1113 3613 1208 3666 9310·

121 3699 182 3736 curo
203 3689 226 3733 α
244 3682 328 3734 laturo
355 3698 391 3732 ccc
414 3681 464 3732 lnt-
481 3683 506 3732 P
588 3681 691 3746 rogabis
710 3687 733 3730 α
756 3680 857 3746 rogauit
873 3683 898 3732 P
920 3696 1025 3744 comp
1121 3683 1206 3736 941ιι

121 3767 171 3804 om.
191 3756 216 3800 α
285 3749 385 3815 pallens
402 3750 523 3816 Ppalles
539 3766 557 3815 p
575 3752 638 3800 item
654 3751 685 3799 io
701 3764 784 3799 uersu
802 3750 836 3802 99
913 3748 982 3800 istud
1000 3755 1024 3798 α
1107 3751 1140 3802 91
1161 3765 1204 3803 se-

121 3819 183 3887 pelii
203 3825 227 3868 α
245 3817 379 3884 sepellitur
396 3816 459 3868 istas
476 3820 501 3869 P
515 3818 615 3885 sepellii
641 3823 669 3869 tu
691 3819 773 3869 restas
789 3833 807 3882 p
895 3818 928 3869 98
947 3816 1056 3867 bebatur
1079 3817 1104 3866 A
1128 3817 1205 3870 loba-

121 3887 204 3940 turB
289 3889 322 3938 99
340 3885 494 3952 pulphereas
514 3893 537 3937 α
624 3886 735 3948 exilante
755 3891 779 3934 α
868 3887 915 3938 199
934 3884 961 3935 in
985 3890 1051 3936 terra
1075 3884 1157 3937 subiit
1177 3895 1204 3938 α

207 3954 346 4017 triental&
417 3957 462 4006 191
482 3954 583 4007 Excidit
602 3961 626 4006 α
