2656 4440
568 237 701 290 SATVRA
718 239 749 290 lll
1158 235 1197 295 29

122 416 155 475 in
178 413 325 492 locuplete
347 430 429 491 penu
450 411 580 473 delensis
601 411 763 492 pinguibus
785 411 912 485 Vmbris,

124 510 154 561 et
175 500 261 579 piper
284 509 313 558 et
334 516 454 577 pernae,
478 497 566 558 Marsi
588 505 782 558 monumenta
804 496 930 570 clientis,
1172 509 1200 558 tc

123 601 289 660 maenaque
312 584 391 660 quod
414 583 509 663 prima
531 581 665 643 nondum
688 583 829 643 deiecerit
852 601 930 644 orca.

167 669 216 729 bic
237 668 343 746 aliquis
365 667 401 728 de
424 677 512 746 gente
534 668 651 729 hircosa
673 667 882 729 centurionum

125 755 220 815 dieat:
241 747 346 831 “quod
369 753 463 832 sapio,
485 753 554 814 satis
576 763 622 814 est
642 753 723 814 mihi.
761 772 822 814 non
846 773 902 833 ego
925 771 997 815 curo

125 858 190 901 esse
214 838 293 916 quod
316 839 460 899 Arcesilas
483 840 713 917 aerumnosique
736 837 862 901 Solones

125 925 243 1003 obstipo
266 925 361 1003 capite
384 932 413 984 et
434 925 560 1002 figentes
582 923 695 985 lumine
717 933 835 998 terram,

125 1028 279 1071 murmura
302 1028 369 1070 cum
393 1028 493 1070 seeum
518 1017 547 1069 et
568 1009 685 1070 rabiosa
707 1009 821 1070 silentia
844 1009 956 1070 rodunt

124 1107 214 1174 atque
237 1103 412 1173 exporrecto
436 1095 619 1154 trutinantur
640 1092 730 1155 verba
752 1094 869 1167 labello,

127 1180 241 1258 aegroti
263 1180 370 1240 veteris
392 1179 568 1240 meditantes
589 1179 715 1252 somnia,
739 1179 821 1258 gigni

125 1267 163 1326 de
187 1264 279 1326 nihilo
304 1264 437 1337 nihilum,
459 1264 491 1325 in
514 1264 639 1324 nihilum
661 1264 704 1324 nil
724 1283 812 1344 posse
834 1262 954 1327 reverti.

126 1439 195 1494 sumi
216 1455 281 1512 prae
302 1437 473 1494 multitudine
494 1453 551 1493 non
572 1445 697 1511 possunt.
742 1454 811 1512 quae
841 1436 944 1493 cellaria
966 1433 1123 1492 muneribus
1144 1433 1205 1507 pin-

128 1523 220 1596 guium
251 1522 412 1579 Vmbrorum
441 1522 482 1578 vel
515 1522 643 1580 clientum
676 1523 775 1580 referta
800 1530 872 1586 sunt,
903 1521 1001 1596 quibus
1023 1519 1206 1577 defensionem

127 1609 321 1682 patrocinando
344 1607 484 1682 praebent.
571 1606 641 1665 bene
662 1625 737 1682 penu
760 1609 833 1672 dixit,
856 1623 912 1663 non
937 1623 1049 1681 penore,
1083 1615 1115 1662 ut
1136 1605 1206 1661 Ver-

128 1693 208 1766 gilius
238 1691 317 1768 [Aea.
342 1697 368 1756 1,
391 1692 474 1767 704J.
557 1693 628 1749 inter
650 1703 761 1751 cunetas
783 1710 850 1768 quas
872 1691 920 1748 tibi
942 1701 1032 1766 partes
1063 1690 1208 1747 iniunxerit

128 1777 195 1835 deus
217 1778 245 1834 in
268 1779 392 1835 convictu
415 1779 461 1853 qui
483 1795 543 1834 cum
567 1778 720 1836 hominibus
743 1787 792 1844 est,
814 1795 916 1834 summa
932 1777 1051 1834 omnium
1066 1775 1206 1850 estpbilo-

127 1864 247 1938 sophari.
291 1881 342 1919 nec
373 1871 401 1919 te
436 1863 594 1920 abstraxerit
630 1865 770 1921 admiratio
803 1863 980 1921 abundantiae
1012 1870 1040 1918 et
1072 1862 1209 1936 potentiae

128 1949 335 2014 causidicorum,
359 1949 434 2022 quod
456 1948 592 2022 plerisque
612 1949 753 2007 iuvenibus
776 1949 879 2006 accidit.
974 1950 1013 2007 76
1036 1963 1130 2003 maena
1152 1947 1209 2003 sal-

128 2035 242 2090 samenti
275 2051 361 2108 genus
394 2044 435 2091 est
467 2051 499 2090 ex
520 2035 593 2108 pisce
625 2035 739 2092 minuto.
828 2037 865 2092 77
890 2034 997 2091 hircosa
1022 2033 1088 2090 dixit
1108 2043 1154 2090 aut
1176 2032 1208 2089 ab

128 2120 216 2175 odore
248 2119 385 2192 corporis,
416 2120 479 2194 quia
511 2136 542 2174 ex
570 2120 656 2176 multo
683 2119 776 2177 labore
801 2128 828 2176 ct
848 2119 909 2176 cibo
932 2129 959 2176 et
979 2136 1074 2176 somno
1097 2117 1210 2175 fetidum

130 2205 238 2269 sudant,
272 2213 319 2260 aut
350 2204 383 2260 ad
412 2221 501 2261 mores
523 2204 652 2261 barbaros
674 2206 795 2270 rettulit,
821 2206 895 2279 quod
917 2221 1011 2262 eorum
1030 2204 1138 2279 quidam
1159 2203 1212 2260 dici

130 2290 219 2363 putidi
250 2290 348 2346 solent.
458 2293 496 2348 79
520 2306 577 2345 non
605 2306 671 2347 curo
701 2309 760 2346 esse
788 2291 840 2346 hoc
869 2289 944 2364 quod
967 2289 1098 2347 Arcesilas
1119 2289 1212 2363 philo-

132 2375 235 2449 sophus
264 2383 311 2431 aut
339 2373 423 2430 Solon
452 2376 498 2449 qui
527 2375 599 2448 apud
630 2376 806 2432 Athenienses
826 2374 1005 2448 philosophus
1027 2382 1055 2430 et
1075 2374 1213 2446 legislator

132 2468 200 2516 erat.
258 2459 372 2515 Solones
405 2476 470 2515 sane
501 2476 578 2515 more
604 2460 724 2516 Romano
753 2460 830 2524 dixit,
873 2469 906 2516 ut
938 2461 1052 2515 Catones
1090 2459 1213 2515 Camillos

132 2547 245 2601 Drusos.
289 2544 440 2598 aerumnosi
472 2551 578 2608 autem,
612 2545 675 2618 quia
701 2544 838 2616 frugalitas
866 2543 1089 2617 philosophorum
1117 2543 1213 2599 misera

133 2628 240 2684 videtur
261 2627 406 2683 luxuriosis
428 2638 455 2684 et
475 2628 606 2702 prodigis.
657 2645 688 2685 eo
713 2629 786 2701 quod
808 2628 926 2684 animum
949 2627 1068 2684 colentes
1091 2629 1213 2701 corporis

134 2713 239 2770 cultum
270 2711 395 2768 abiciant.
464 2712 596 2769 Arcesilas
627 2713 719 2789 Scytbi
755 2713 825 2769 filius
862 2713 1020 2777 Pitanaeus,
1053 2711 1213 2787 Cyrenaicus

121 2798 312 2874 philosophus
333 2796 545 2870 perfectissimus
568 2797 626 2862 luit,
650 2799 696 2873 qui
719 2799 887 2855 Academiam
909 2799 1011 2873 primus
1032 2798 1141 2854 invenit.

222 2886 261 2943 80
286 2882 404 2956 obstipo.
439 2884 466 2940 id
495 2892 537 2940 est
564 2883 691 2941 inclinato
714 2893 741 2940 et
762 2885 919 2958 gravitatem
941 2883 1083 2941 simulante
1104 2892 1215 2941 etcum

135 2969 294 3044 obliquitate
321 2968 403 3025 fixo.'
472 2972 512 3028 84
534 2970 620 3043 prima
646 2971 820 3045 physicorum
849 2971 970 3045 quaestio
996 2978 1084 3027 estet
1106 2970 1140 3026 de
1161 2986 1215 3044 qua

127 3055 205 3112 :inter
238 3072 330 3111 omncs
364 3055 505 3119 convenit,
538 3055 603 3111 nihil
633 3057 666 3113 de
695 3057 776 3112 nihilo
804 3056 879 3113 nasci
907 3067 934 3113 et
961 3056 1026 3112 nihil
1054 3056 1079 3110 in
1102 3055 1214 3112 nibilum

135 3140 213 3196 solvi.
300 3150 380 3213 negat
409 3141 531 3197 centurio
561 3140 628 3197 velle
650 3158 679 3197 se
708 3142 810 3199 discere
837 3151 865 3198 et
893 3141 957 3198 dicit
976 3142 1027 3197 ita:
1061 3140 1215 3215 philosophi

137 3224 187 3282 sibi
210 3225 294 3281 oculis
315 3225 447 3290 formant,
478 3226 511 3282 de
533 3226 631 3300 quibus
653 3227 780 3302 scripturi
801 3235 874 3291 suut,
901 3234 932 3282 ut
954 3227 1080 3282 diuturna
1101 3225 1216 3282 infirmi-

136 3319 194 3367 tate
214 3311 345 3375 homines,
369 3311 429 3384 quia
451 3311 569 3368 siccitate
591 3310 705 3368 lebrium
718 3321 744 3368 et
755 3310 926 3368 insomnitate
937 3311 1102 3367 diversorum
1117 3311 1217 3384 imagi-

136 3413 186 3452 nes
208 3396 292 3452 oculis
315 3413 409 3452 eorum
431 3394 592 3452 formantur.
635 3397 712 3453 stoici
733 3407 887 3454 asseverant
908 3413 962 3453 nou
985 3412 1066 3470 posse
1088 3396 1120 3450 ad
1143 3396 1216 3452 nihi-

137 3480 194 3536 lum
221 3480 319 3556 aliquid
346 3481 444 3537 reverti
473 3489 499 3538 et
526 3480 624 3554 aliquid
652 3499 708 3539 non
737 3483 765 3537 in
795 3482 860 3538 nihil
880 3481 988 3538 resolvi.
1032 3496 1092 3537 nam
1114 3497 1215 3556 corpus

138 3566 234 3622 atomis
267 3575 388 3631 constat,
423 3582 484 3623 cum
516 3565 629 3632 decidit,
662 3568 690 3623 in
721 3576 825 3624 atomos
848 3567 1010 3624 dissolvitur.

226 3732 259 3781 74
277 3729 397 3782 defensus
417 3738 440 3782 α
528 3735 560 3784 75
578 3745 629 3782 om.
648 3736 672 3780 α
691 3731 730 3798 (in
748 3734 872 3796 margine
889 3731 952 3783 odd.
970 3733 996 3798 b)
1021 3731 1088 3797 legit
1099 3733 1215 3784 Priscia-

139 3814 192 3848 nus
206 3814 234 3863 p.
253 3797 303 3850 205
373 3799 483 3851 eluentis
501 3798 524 3851 P
539 3799 640 3851 clientis
657 3814 675 3866 p
756 3801 787 3853 ts
805 3798 877 3852 llicta
898 3807 921 3850 α
1003 3802 1076 3867 sapio
1094 3801 1157 3853 satis
1176 3806 1216 3852 est

139 3869 174 3917 P:
194 3866 257 3917 satis
274 3869 315 3917 est
332 3868 406 3932 sapio
426 3875 449 3919 α
520 3870 553 3920 te
571 3867 674 3918 salones
689 3883 709 3934 p
728 3868 826 3919 solonis
845 3876 869 3919 α
955 3871 987 3922 80
1006 3868 1086 3935 Obsip
1104 3870 1147 3920 uel
1164 3868 1215 3937 Op-

140 3935 180 3999 sip
201 3941 224 3985 α
243 3932 368 4001 Obstiepo
386 3937 410 3986 P
488 3935 652 4001 fingentisot
732 3937 762 3988 81
785 3937 894 3988 erodunt
910 3939 934 3988 P
1027 3939 1059 3991 83
1078 3938 1218 3990 somniaP

140 4002 225 4053 omnia
245 4007 299 4052 tum
317 4018 412 4054 rursus
430 4005 562 4070 somniap
633 4007 667 4058 84
685 4002 715 4054 lli
733 4019 758 4057 n.
777 4010 802 4054 α
870 4005 896 4056 in
915 4006 995 4060 nihilo
1016 4013 1040 4057 α
