2656 4440
143 276 200 330 xlv
594 276 778 330 PRAEFATIO

67 455 70 459 ’
143 449 328 528 Zingerleius
343 449 373 511 in
391 449 464 511 actis
478 447 558 510 acad.
581 449 750 510 Vindobon.
764 450 846 514 1880
862 468 891 528 p.
908 452 980 514 731.
1009 451 1155 529 imprimis
1169 452 1220 511 ad-

143 553 225 614 hibui
246 552 377 614 libellum
394 553 431 613 de
446 551 674 614 Monacensibus
689 551 840 614 codicibus
856 553 998 631 scriptum
1022 552 1219 634 (Straubingii

145 657 238 733 1883)
262 655 298 717 ab
322 655 358 715 H.
375 654 497 728 Lieblio,
521 655 572 734 qui
591 656 633 715 vir
654 654 885 716 humanissimus
908 673 1016 734 operae
1040 664 1159 717 nostrae
1180 655 1220 716 ita

143 759 212 819 lavit
234 769 267 820 ut
288 759 375 818 vitam
397 757 491 819 Persii
514 758 691 836 descriptam
715 776 731 818 e
754 758 927 818 Monacensi
951 759 1054 822 14498
1078 776 1155 819 saec.
1178 758 1219 819 Xl

142 861 348 940 conlatamque
371 879 439 921 cum
454 860 626 921 Monacensi
649 863 846 926 235771111.
869 859 908 920 111
932 878 984 921 111
999 869 1106 940 sponte
1122 863 1219 923 mitte-

140 974 195 1025 ret.
240 963 276 1023 ad
297 962 443 1024 luvenalis
465 961 575 1024 scholia
599 962 767 1041 Stephanus
791 970 892 1024 noster
921 973 1039 1042 praesto
1061 963 1132 1023 mihi
1154 982 1218 1025 esse

139 1065 231 1127 voluit
245 1065 445 1126 conlationem
461 1064 661 1144 sangallensis
677 1065 738 1128 870
751 1065 886 1143 (antehac
902 1064 1014 1141 11476)
1029 1083 1134 1143 magna
1150 1085 1218 1126 cum

141 1168 292 1247 diligentia
316 1187 386 1229 111
415 1177 478 1228 tum
508 1168 613 1228 lactam
643 1186 711 1228 cum
741 1168 777 1228 de
799 1167 968 1229 Pithoeanis
998 1167 1027 1226 in
1052 1167 1218 1228 iuvenalem

139 1272 258 1333 scholiis
281 1270 420 1332 disseruit
442 1270 577 1348 (bonnac
595 1270 700 1347 1882).
746 1290 807 1329 non
830 1288 923 1349 pauca
939 1269 976 1331 ab
998 1268 1216 1331 inconsiderata

137 1372 326 1453 superiorum
350 1373 496 1434 editorum
518 1373 683 1434 mutatione
706 1372 860 1444 vindicavi,
884 1391 944 1432 non
970 1371 1044 1432 nihil
1066 1371 1130 1451 ipse
1153 1372 1217 1432 lor-

138 1476 213 1537 sitan
239 1475 419 1535 emendarim
442 1475 472 1534 in
495 1483 679 1535 transcursu.

225 1578 262 1639 dc
283 1576 445 1656 suppositis
467 1576 598 1637 luvenali
621 1575 754 1637 versibus
776 1576 979 1654 quaestionem
1009 1575 1130 1636 lahnius
1160 1576 1216 1636 dit-

137 1679 297 1741 licillimam
320 1679 392 1739 dixit
413 1697 543 1758 suaeque
567 1679 670 1739 aetatis
693 1677 826 1738 moribus
855 1687 884 1738 et
906 1676 1059 1738 Ribbechii
1087 1678 1216 1739 acumini

136 1783 196 1844 hoc
219 1780 351 1855 indulsit,
374 1791 407 1842 ut
429 1801 490 1843 non
506 1781 616 1842 multos
632 1780 761 1859 quidem,
784 1780 877 1840 nimio
893 1789 990 1840 tamen
1009 1780 1110 1858 plures
1124 1799 1214 1859 quam

136 1886 179 1945 las
195 1894 257 1946 erat
277 1903 380 1945 versus
403 1903 482 1945 unco
511 1884 674 1944 damnaret.
723 1901 756 1942 ea
785 1882 820 1942 de
849 1901 881 1942 11
911 1900 1004 1942 meam
1038 1883 1213 1943 sententiam

135 1987 238 2066 aperui
262 1986 396 2047 oratione
419 1985 516 2046 habita
545 1985 581 2046 de
612 1985 713 2045 critica
740 1984 958 2063 philologorum
987 1992 1049 2044 arte
1078 1984 1214 2061 (bonnae

137 2089 230 2161 1878)
248 2090 384 2167 1251,
407 2087 455 2147 alii
479 2086 600 2148 uberius
622 2096 652 2147 et
674 2086 710 2147 dc
725 2086 850 2165 singulis
872 2086 1071 2164 disputarunt,
1094 2105 1129 2146 ex
1147 2087 1213 2164 qui-

135 2191 190 2251 bus
213 2191 337 2251 honoris
353 2207 439 2250 causa
455 2190 579 2250 nomino
594 2189 758 2249 lohannom
774 2188 937 2248 Vahlenum
953 2190 1066 2266 (progr.
1082 2188 1212 2250 berolin.

136 2294 241 2367 1884).
286 2291 402 2353 dubites
424 2291 493 2351 licet
514 2291 551 2351 de
566 2291 683 2352 duobus
705 2309 781 2369 quos
804 2290 830 2351 P
850 2290 956 2362 omisit,
980 2291 1094 2351 nullum
1118 2291 1211 2351 nostri

134 2395 309 2474 exemplaris
331 2413 449 2456 versum
473 2393 588 2454 idoneis
610 2393 792 2472 argumentis
815 2392 1049 2452 demonstratum
1082 2403 1125 2454 est
1148 2413 1209 2453 non

133 2517 197 2560 esse
219 2499 328 2559 lactum
343 2497 380 2558 ab
396 2497 533 2559 Iuvenale
555 2497 613 2557 hoc
636 2496 686 2575 qui
702 2505 816 2558 saturas
831 2495 980 2574 divolgare
995 2496 1095 2575 coepit
1109 2496 1211 2556 senior

131 2612 199 2679 post
220 2620 333 2663 annum
358 2603 429 2675 100,
458 2601 545 2662 desiit
566 2609 635 2680 post
658 2601 729 2663 127.
773 2618 873 2660 verum
898 2618 965 2659 cum
994 2599 1062 2659 olim
1086 2597 1209 2658 arbitrio

131 2703 353 2782 elegantiaeque
368 2721 471 2763 eorum
488 2702 589 2764 obsisti
606 2702 781 2781 oportuerit,
799 2701 849 2778 qui
865 2700 1033 2761 iuvenalem
1050 2699 1128 2778 quod
1141 2718 1209 2778 per-

130 2823 231 2883 peram
254 2805 529 2883 interpretabantur
550 2814 601 2865 aut
615 2803 806 2880 gibberosum
829 2804 871 2864 111
895 2813 926 2863 11
942 2811 1030 2863 estet
1053 2811 1116 2860 1111
1131 2801 1208 2878 aspi·

131 2923 198 2965 cere
214 2925 275 2965 non
289 2905 484 2977 sustinebant,
500 2907 566 2965 ideo
583 2915 735 2982 amputare
747 2915 776 2965 et
788 2904 923 2964 excidere
939 2903 1111 2980 cogitarant,
1128 2918 1208 2977 nunc

110 2999 113 3005 ’
130 3025 197 3066 cum
214 3007 339 3067 maxime
355 3016 472 3085 tempus
488 3015 533 3066 est
547 3005 697 3065 adhortari
713 3005 787 3075 illos,
804 3004 854 3082 qui
867 3002 1006 3063 verbosas
1020 3019 1207 3063 communes·

129 3127 188 3187 que
200 3109 389 3170 defensiones
405 3108 613 3187 componendo
629 3107 711 3185 quasi
729 3124 796 3167 cum
812 3106 905 3166 ventis
921 3106 1037 3184 litigant
1052 3122 1108 3165 nec
1122 3104 1207 3181 quid-

108 3193 216 3289 ¹”quam
233 3213 371 3272 adserunt
387 3211 466 3289 quod
489 3210 583 3272 lector
598 3220 764 3271 saturarum
781 3208 934 3287 ignorarit,
951 3208 1061 3267 nedum
1076 3207 1207 3267 instruc-

127 3323 176 3375 tus
198 3315 234 3375 ab
258 3314 438 3375 Heinrichiis
460 3312 597 3373 bladricis
621 3311 790 3392 Maporibus
807 3311 997 3382 existimator,
1019 3320 1053 3370 ut
1066 3318 1208 3387 reputent

128 3428 240 3496 quanto
263 3418 395 3496 grauiora
419 3426 448 3477 et
470 3415 667 3476 fructuosiora
698 3433 759 3475 non
789 3414 884 3474 solum
914 3413 943 3473 11
968 3413 1074 3473 1111111
1101 3411 1206 3472 11111111

127 3519 178 3578 sed
196 3520 282 3579 ctiam
298 3520 328 3579 in
341 3520 406 3598 ipso
419 3518 556 3580 Iuvenale
573 3517 667 3578 nostri
680 3515 788 3577 saeculi
805 3534 892 3575 curae
908 3515 1071 3592 studiisque
1083 3515 1205 3575 deman·

128 3620 194 3680 data
216 3622 285 3696 sint,
310 3632 338 3683 et
360 3622 395 3682 ad
418 3623 525 3682 horum
550 3619 658 3697 aliquid
681 3618 881 3698 peragendum
905 3638 944 3679 ne
967 3618 1083 3678 minore
1106 3617 1205 3677 accin-

126 3736 235 3804 gantur
257 3725 410 3785 industria.

212 3827 358 3907 Sulpiciae
375 3845 450 3906 quae
465 3827 561 3887 fertur
575 3834 704 3886 saturam
720 3824 825 3885 editam
842 3842 857 3883 a
871 3824 996 3902 Georgia
1014 3823 1124 3883 Merula
1137 3822 1204 3882 111-

126 3931 281 3997 11111111,
312 3948 489 4009 quamquam
512 3927 610 3989 verbis
633 3928 804 3989 examinatis
819 3927 1032 4005 sententiisque
1056 3925 1203 3986 1111111-

125 4033 215 4095 nihus
236 4034 307 4094 mihi
323 4033 456 4112 persuasi
474 4031 665 4112 compositam
682 4049 746 4092 esse
761 4029 797 4090 ab
814 4030 913 4108 aliquo
929 4029 1034 4091 Caecio
1049 4026 1203 4088 incondite
