2656 4440
577 243 711 297 SATVRA
727 243 758 296 lll

129 417 203 477 binc
225 416 305 492 tuba,
328 417 477 496 candelae,
500 418 680 496 tandemque
702 417 838 479 beatulus
859 417 917 478 alto

132 503 306 581 conpositus
329 503 405 563 lecto
428 503 593 582 crassisque
615 504 725 565 lutatus
748 503 870 565 amomis

130 588 162 648 in
187 596 303 666 portam
327 588 436 666 rigidas
458 589 554 650 calces
577 589 718 650 extendit.
762 598 792 649 at
813 588 896 649 illum
1165 597 1207 650 105

129 673 264 733 hesterni
288 673 383 752 capite
406 673 510 735 induto
533 673 651 735 subiere
674 674 814 745 Quirites.

174 765 272 834 tange,
295 759 394 829 miser,
417 777 506 820 venas
529 768 559 820 et
580 778 659 839 pone
681 760 712 819 in
734 767 856 839 pectore
879 758 1021 820 dextram.

126 835 196 903 “nil
218 844 293 903 calet
315 835 392 904 bic.''
440 862 630 924 summosque
651 844 743 924 pedes
765 844 876 922 attinge
899 860 1074 921 manusque.

126 921 216 988 “non
238 920 377 1006 lrigent.''
424 929 484 990 visa
506 937 552 991 est
572 930 596 991 si
618 931 695 990 forte
717 928 843 1009 pecunia
867 929 927 989 sive

130 1013 255 1073 candida
277 1013 365 1074 vicini
388 1013 509 1075 subrisit
530 1015 619 1075 molle
641 1015 749 1094 puella,

130 1117 184 1158 cor
207 1097 260 1158 tibi
282 1099 338 1158 rite
360 1096 447 1159 salit‘l
469 1099 600 1178 positum
623 1108 668 1162 est
688 1100 804 1178 algente
826 1099 926 1160 catino

129 1184 240 1242 durum
262 1182 328 1245 olus
351 1191 381 1244 et
401 1184 506 1263 populi
529 1184 628 1245 cribro
651 1185 774 1247 decussa
795 1183 904 1245 farina:

128 1275 307 1346 temptemus
329 1269 447 1344 lauces3
470 1278 576 1330 tenero
599 1270 669 1330 latet
690 1270 775 1331 ulcus
796 1270 828 1330 in
851 1287 904 1329 ore

128 1360 229 1431 putre,
251 1353 331 1431 quod
352 1353 425 1414 baut
447 1355 550 1416 deceat
571 1354 687 1434 plebeia
709 1355 812 1416 radere
834 1353 911 1415 beta.

218 1544 275 1600 103
299 1543 437 1617 sepultura
458 1542 530 1600 tubis
552 1543 624 1618 apud
646 1543 772 1617 antiquos
791 1541 987 1601 celebrabatur.
1030 1551 1062 1600 ut
1076 1541 1208 1617 Vergilius

129 1623 210 1701 [den.
232 1630 281 1697 ll,
301 1627 370 1702 192]
397 1621 434 1685 ‘it
462 1629 536 1686 caelo
566 1629 720 1702 clamorque
750 1628 837 1684 virum
866 1628 1032 1702 clangorque
1061 1623 1207 1685 tubarum’.

128 1712 256 1769 candelae
295 1730 404 1787 quoque
441 1714 469 1770 in
508 1714 655 1789 sepulturis
686 1722 749 1770 ante
780 1721 904 1770 mortuos
924 1711 1146 1787 praecedebant.
1177 1723 1208 1770 ut

125 1797 196 1853 idem
225 1797 356 1870 Vergilius
384 1796 464 1873 [deo.
484 1797 622 1872 11,’142]
644 1792 688 1856 ‘et
716 1799 749 1856 de
777 1815 852 1855 more
880 1806 989 1855 vetusto
1015 1797 1140 1855 funereas
1162 1815 1208 1854 ra-

124 1899 211 1956 puere
225 1878 318 1940 iaces'.
383 1884 509 1940 beatulus
525 1885 596 1949 dicit,
620 1901 676 1941 non
692 1884 765 1958 quod
787 1883 881 1940 beatus
904 1883 948 1948 sit,
971 1883 1019 1940 sed
1042 1883 1103 1957 quia
1126 1900 1208 1939 num-

127 1984 209 2042 quam
237 1968 401 2043 splendidior
428 1968 521 2026 babitu
549 1970 632 2026 luerit
659 1986 737 2043 quam
760 1986 792 2026 eo
815 1968 886 2026 lecto
909 1985 964 2042 quo
987 1966 1108 2025 effertur.
1161 1978 1209 2026 aut
1266 1960 1272 1971 ’

127 2061 201 2109 certe
234 2053 296 2128 quia
324 2053 459 2112 Romanae
490 2054 693 2112 consuetudinis
722 2054 773 2112 iuit
800 2054 957 2129 simpliciter
979 2051 1082 2118 efferre,
1113 2054 1207 2111 merito

126 2137 206 2194 etiam
227 2138 330 2196 funeris
352 2138 523 2196 ambitionem
544 2140 647 2197 irridet.
691 2156 746 2195 non
769 2141 830 2214 quia
852 2132 993 2218 μάκαρες
1014 2148 1042 2196 et
1055 2132 1208 2217 μακάριοι

125 2222 253 2280 dicuntur
282 2225 396 2290 mortui,
428 2242 484 2281 non
518 2235 558 2282 est
580 2226 650 2282 enim
671 2224 808 2282 Romanae
829 2224 1046 2291 consuetudinis,
1076 2226 1122 2281 sed
1146 2225 1209 2297 quia

124 2309 285 2383 pretiosiore
318 2311 346 2365 in
378 2310 517 2367 funeribus
549 2319 624 2368 veste
646 2310 764 2383 stragula
787 2319 930 2384 ceteraque
950 2311 1029 2367 etiam
1050 2309 1209 2384 pauperculi

124 2394 338 2466 exponebantur.
390 2395 594 2469 hypocorismos
622 2395 738 2452 derisum
771 2395 912 2467 significat.
1034 2398 1092 2453 104
1116 2395 1207 2451 multis

125 2477 226 2535 oblitus
251 2479 396 2552 unguentis
418 2479 490 2536 foras
512 2481 566 2537 exit
586 2489 711 2536 mortuus
734 2479 868 2536 dedomo
892 2496 950 2536 sua.
1075 2481 1134 2537 106
1157 2479 1208 2535 be-

124 2563 227 2627 sterni,
262 2563 312 2628 ait,
343 2562 507 2621 adeloneto
535 2564 621 2638 pridie
649 2563 817 2627 manumissi,
852 2563 878 2619 id
908 2574 949 2620 est
976 2562 1064 2619 liberti
1090 2571 1117 2619 et
1139 2563 1207 2620 cives

123 2647 239 2705 Romani
260 2646 333 2704 facti.
421 2649 507 2722 capite
530 2649 640 2714 induto,
664 2649 724 2722 quia
747 2647 902 2704 manumissi
928 2647 1027 2721 pilleati
1048 2647 1208 2704 incedebant

124 2743 187 2790 ante
203 2732 296 2789 funus.
361 2731 476 2798 subiere,
500 2735 573 2808 quod
589 2733 749 2808 plerumque
764 2732 815 2807 ipsi
836 2731 989 2790 manumissi
1006 2732 1207 2789 manumissoris

124 2837 225 2893 corpus
247 2819 411 2893 portandum
432 2817 563 2876 subirent.
695 2820 753 2878 108
778 2819 923 2893 digitorum
945 2818 1081 2875 summitas
1103 2818 1207 2874 sivein

123 2905 248 2961 manibus
280 2904 335 2960 sive
366 2906 393 2960 in
426 2904 538 2979 pedibus
571 2904 594 2959 si
627 2902 722 2978 frigida
742 2903 833 2969 suerit,
862 2904 1043 2960 infirmitatem
1066 2902 1206 2978 significat.

125 3007 189 3063 ergo
217 2990 254 3046 nil
283 2989 350 3046 calet
379 2999 406 3046 et
433 2989 470 3045 nil
499 2988 581 3063 friget
609 2990 684 3064 quod
705 2991 755 3055 ait,
784 2999 831 3046 aut
851 2990 934 3064 ipsius
956 2997 1103 3063 aegrotum‘
1118 2989 1207 3046 inter-

124 3075 244 3149 rogantis
267 3075 348 3131 verba
369 3084 434 3131 sunt
455 3084 481 3131 et
503 3075 580 3132 aliter
601 3076 834 3149 pronuntiandum
856 3085 905 3141 est,
930 3076 1055 3149 quoniam
1079 3092 1111 3132 ex
1127 3075 1206 3149 eupi-

125 3161 207 3217 ditate
240 3176 367 3216 manuum
398 3161 564 3218 summitates
596 3161 751 3234 pedumque
779 3160 941 3233 frigescunt,
971 3170 1017 3216 aut
1041 3159 1121 3216 verba
1143 3170 1207 3216 sunt

125 3245 323 3318 respondentis.
415 3248 471 3303 111
504 3245 581 3318 fingis
610 3247 683 3319 quod
712 3262 768 3301 uon
796 3246 883 3317 possit
912 3261 942 3301 os
964 3252 1041 3301 tuum
1064 3244 1206 3301 delicatum

124 3329 198 3386 cibos
230 3329 386 3387 durissimos
419 3331 591 3404 transglutire
624 3341 651 3386 et
679 3347 775 3402 panem
808 3346 864 3385 non
897 3329 1021 3387 deliciose
1043 3328 1131 3385 cribro
1156 3330 1206 3384 de-

125 3432 244 3480 cussum,
266 3416 312 3473 sed
336 3414 480 3488 plebeium,
504 3417 537 3472 de
558 3415 654 3489 populi
669 3431 784 3480 annona,
807 3415 835 3470 id
849 3423 890 3472 est
905 3414 1030 3470 fiscalem.
1100 3412 1206 3488 algente

124 3500 223 3570 catino.
253 3517 308 3556 non
337 3500 544 3574 pulmentarium
574 3499 705 3572 habente,
735 3500 781 3556 sed
812 3499 910 3556 misero
933 3509 1088 3572 egestuoso,
1112 3497 1205 3573 quales

122 3595 189 3642 sunt
221 3587 268 3659 qui
300 3585 398 3660 algent.
465 3585 583 3660 positum
614 3594 655 3641 est
687 3584 714 3640 in
736 3585 824 3641 catino
847 3584 922 3649 olus,
953 3592 980 3640 et
1001 3585 1088 3658 posita
1111 3583 1204 3640 farina.

122 3670 236 3728 farinam
263 3688 335 3728 nunc
362 3687 459 3746 panem
490 3670 568 3734 dicit,
598 3679 625 3726 et
649 3670 723 3727 huuc
752 3669 829 3743 lingit
856 3669 992 3743 gregalem
1020 3679 1046 3726 et
1067 3668 1204 3743 plebeium

123 3773 183 3813 esse
217 3757 344 3830 positum.
478 3758 536 3814 114
560 3756 635 3829 quod
667 3754 735 3812 baut
755 3755 863 3820 deceat,
898 3754 972 3828 quod
993 3771 1049 3811 non
1071 3762 1204 3830 oporteat,

213 3939 261 3989 104
278 3937 426 4003 grassisque
444 3939 468 3988 P
545 3940 593 3990 105
611 3940 699 4003 portas
718 3944 741 3988 α
819 3939 867 3988 106
885 3935 989 3987 Externi
1007 3942 1031 3986 α
1100 3933 1205 3985 indutos

120 4008 185 4074 Ppr.
267 4008 314 4058 101
334 4005 459 4057 dextraP
527 4007 576 4058 112
594 4004 705 4057 holusB
774 4003 946 4071 decosaPpr.
1018 4006 1066 4056 114
1078 4002 1202 4069 plebiaot
