2624 4434
453 231 546 283 LIBER
563 232 573 284 l
609 231 740 284 811an
761 231 782 280 V

77 414 149 466 ante
171 403 256 465 illum
278 404 389 476 uxoris,
412 413 480 482 post
503 422 590 482 quem
615 404 688 465 nibil
711 405 835 484 amplius
857 406 926 467 edit.

76 491 164 551 Virro
187 489 243 550 sibi
266 499 296 550 et
317 489 439 568 reliquis
461 488 637 551 Virronibus
660 489 707 550 illa
729 490 842 550 iubebit

77 593 168 656 poma
191 574 263 648 dari,
290 593 418 653 quorum
440 575 503 636 solo
526 575 655 654 pascaris
678 574 778 648 odore,

79 660 177 741 qualia
200 669 363 739 perpetuus
385 660 551 720 Phaeacum
573 669 733 721 autumnus
754 660 891 732 babebat,

80 746 202 808 credere
226 763 302 824 quae
324 745 421 824 possis
442 744 584 825 subrepta
606 744 760 806 sororibus
781 745 876 806 Afris:

81 840 116 892 tu
137 830 238 891 scabie
260 829 368 891 frueris
391 829 469 904 mali,
492 830 573 909 quod
594 830 624 890 in
648 848 755 910 aggere
778 831 856 891 rodit

81 916 131 997 qui
153 915 264 995 tegitur
285 933 386 995 parma
410 925 439 976 et
460 915 542 993 galea
564 923 760 995 metuensque
783 915 889 995 flagelli

85 1001 173 1063 discit
196 1001 232 1061 ab
254 1000 368 1062 hirsuta
390 1000 517 1062 iaculum
540 1009 682 1079 torquere
705 1001 824 1080 capella.

122 1086 247 1159 forsitan
269 1086 412 1165 inpensae
435 1086 590 1146 Virronem
614 1104 736 1165 parcere
760 1086 870 1148 credas.

81 1171 139 1232 boc
162 1172 222 1249 agit
242 1180 276 1231 ut
298 1171 413 1245 doleas3
437 1189 504 1231 nam
529 1189 604 1249 quae
627 1171 789 1245 comoedia,
812 1171 919 1233 mimus

84 1256 150 1334 quis
172 1255 279 1317 melior
300 1255 436 1335 plorante
458 1254 548 1335 gula?
570 1275 641 1335 ergo
665 1255 763 1316 omnia
786 1258 870 1331 flunt,

85 1342 109 1402 si
132 1341 239 1414 nescis,
263 1349 296 1400 ut
317 1359 372 1419 per
392 1341 528 1403 lacrimas
550 1342 704 1402 effundere
726 1340 816 1402 bilem

85 1426 200 1505 cogaris
222 1443 387 1505 pressoque
409 1426 460 1488 diu
482 1426 607 1487 stridere
630 1426 744 1487 molari.

83 1522 115 1573 tu
136 1511 190 1572 tibi
212 1511 288 1572 liber
309 1513 399 1572 bomo
422 1519 452 1572 et
472 1511 551 1591 regis
574 1512 695 1572 conviva
716 1511 841 1572 videris:

86 1606 204 1676 captum
226 1607 257 1657 te
280 1596 385 1657 nidore
407 1615 477 1658 suae
499 1606 583 1676 putat
605 1596 653 1657 ille
676 1597 801 1669 culinae,

85 1700 141 1743 nec
162 1682 239 1743 male
261 1681 423 1757 coniectat;
447 1683 513 1760 quis
536 1682 617 1742 onim
639 1691 697 1742 tam
721 1681 828 1754 nudus,
850 1690 884 1742 ut
906 1680 993 1741 illum

87 1766 131 1828 bis
153 1768 239 1840 ferat,
262 1766 420 1828 Etruscum
443 1785 538 1847 puero
561 1767 586 1828 sl
608 1766 733 1846 contigit
753 1785 859 1828 aurum

87 1852 133 1912 vel
156 1853 253 1913 nodus
275 1861 390 1912 tantum
414 1860 444 1912 et
464 1852 584 1930 signum
607 1852 643 1913 de
666 1870 797 1931 paupere
820 1848 908 1912 loro?

87 1956 155 2017 spes
176 1937 255 1998 bene
278 1936 405 1997 cenandi
427 1955 479 1998 ros
501 1937 621 2016 decipit.
662 1931 746 1998 ‘ecce
769 1936 850 1997 dabit
872 1936 928 1996 iam

87 2040 232 2084 semesum
255 2022 389 2101 leporem
412 2031 500 2100 atque
523 2022 631 2101 aliquid
655 2022 690 2082 de
713 2021 852 2083 clunibus
874 2021 949 2101 apri,

88 2107 124 2168 ad
147 2127 203 2168 nos
225 2107 283 2168 iam
305 2107 404 2167 veniet
425 2107 525 2167 minor
547 2099 652 2168 altilis?
697 2106 767 2167 inde
789 2117 892 2186 parato

89 2192 261 2270 intactoque
284 2210 389 2253 omnes
411 2201 439 2252 et
461 2192 565 2253 stricto
588 2210 666 2270 pane
694 2193 806 2253 tacetis.

88 2277 136 2338 ille
159 2278 236 2357 sapit
258 2276 361 2355 quite
383 2277 427 2338 sic
447 2278 551 2338 utitur.
596 2277 694 2337 omnia
717 2278 796 2338 lerre

88 2363 112 2423 si
134 2371 230 2442 potes,
253 2371 282 2422 et
304 2361 404 2424 debes.
448 2362 626 2442 pulsandum
648 2363 758 2422 vertice
781 2380 848 2423 raso

88 2447 246 2527 praebebis
268 2448 454 2526 quandoque
470 2454 559 2527 caput
581 2466 636 2508 nec
660 2447 733 2508 dura
755 2445 873 2507 timebis

89 2534 180 2613 flagra
202 2532 272 2612 pati,
294 2532 342 2593 bis
364 2533 460 2613 epulis
482 2541 512 2593 et
533 2532 584 2593 tali
607 2532 716 2611 dignus
737 2531 842 2591 amico.

177 2724 233 2780 151
260 2720 332 2777 ridet
354 2721 387 2777 de
409 2721 537 2779 Homero.
637 2721 695 2778 152
720 2720 752 2776 de
768 2717 921 2792 Hesperidis
944 2715 1017 2772 dicit.
1107 2718 1165 2772 154

91 2806 169 2882 quale
190 2806 266 2862 simia
287 2805 438 2863 manducat.
564 2808 622 2865 160
646 2803 772 2862 dentibus
793 2804 903 2878 pressis.
1014 2802 1070 2859 161
1095 2800 1167 2874 regis

90 2891 187 2949 videris
210 2890 329 2948 conviva.
352 2900 488 2965 tamquam
514 2890 623 2947 amicus.
714 2892 772 2947 164
797 2888 924 2964 quoniam
945 2887 1093 2962 antiquitus
1116 2902 1167 2942 no·

91 2975 184 3032 bilium
205 2975 283 3050 pueri
304 2975 391 3032 bullas
417 2992 512 3032 aureas
538 2974 686 3041 habebant,
719 2991 871 3050 pauperum
897 2974 930 3031 de
957 2973 1033 3030 loris.
1061 2973 1168 3046 signum

90 3059 229 3119 libertatis.
319 3063 376 3119 171
402 3062 481 3118 etiam
503 3062 590 3135 capite
611 3078 672 3118 raso
694 3061 783 3135 alapas
804 3059 927 3134 accipies.

178 3243 227 3294 148
246 3244 385 3308 postquam
402 3242 470 3308 Ppr.
574 3241 637 3293 nibil
654 3243 711 3293 Pw
728 3243 794 3306 (non
812 3239 858 3304 nil)
963 3241 1013 3292 154
1030 3237 1084 3303 tegi
1100 3238 1168 3301 Ppr.

179 3311 227 3362 158
246 3308 308 3376 gyla
326 3310 350 3360 Ρ
454 3312 498 3362 161
519 3308 614 3362 uideris
639 3309 747 3361 conuiua
765 3311 790 3360 P
803 3308 851 3358 sed
868 3307 961 3358 addila
979 3309 1048 3358 recti
1065 3304 1170 3356 ordinis

93 3380 171 3443 agna
258 3379 307 3430 166
326 3377 449 3430 caedendi
467 3377 533 3443 Ppr.
621 3380 670 3431 169
688 3377 777 3429 iacetis
795 3377 819 3426 P
834 3375 875 3428 uel
894 3374 986 3427 tacetis
1005 3388 1101 3439 margo

180 3446 228 3498 173
247 3447 428 3512 subccriptum
444 3448 475 3496 in
493 3445 584 3497 Plani
606 3445 733 3497 iuuenalis
760 3449 904 3496 saturarum
921 3442 1014 3494 liberl
1039 3441 1145 3509 explicit
1165 3441 1170 3510 Ι

93 3513 184 3581 incipit
201 3512 267 3566 liber
284 3512 305 3565 ll
323 3513 433 3567 feliciter
