<?xml version="1.0" encoding="UTF-8"?>
<!DOCTYPE html PUBLIC "-//W3C//DTD XHTML 1.0 Transitional//EN"
    "http://www.w3.org/TR/xhtml1/DTD/xhtml1-transitional.dtd">
<html xmlns="http://www.w3.org/1999/xhtml" xml:lang="en" lang="en">
 <head>
  <title>
</title>
<meta http-equiv="Content-Type" content="text/html;charset=utf-8" />
  <meta name='ocr-system' content='tesseract 3.04.00' />
  <meta name='ocr-capabilities' content='ocr_page ocr_carea ocr_par ocr_line ocrx_word'/>
</head>
<body>
  <div class='ocr_page' id='page_1' title='image "apersiiflaccidi02sulpgoog_0055.png"; bbox 0 0 2656 4440; ppageno 0'>
   <div class='ocr_carea' id='block_1_1' title="bbox 138 214 729 292">
    <p class='ocr_par' dir='ltr' id='par_1_1' title="bbox 138 214 729 292">
     <span class='ocr_line' id='line_1_1' title="bbox 138 214 729 292; baseline -0.002 0"><span class='ocrx_word' id='word_1_1' title='bbox 138 234 180 292; x_wconf 85' lang='lat'><strong>34</strong></span> <span class='ocrx_word' id='word_1_2' title='bbox 625 214 729 291; x_wconf 80' lang='lat' dir='ltr'><strong>urrisu</strong></span> 
     </span>
    </p>
   </div>
   <div class='ocr_carea' id='block_1_2' title="bbox 132 399 1217 1168">
    <p class='ocr_par' dir='ltr' id='par_1_2' title="bbox 132 399 905 512">
     <span class='ocr_line' id='line_1_2' title="bbox 132 399 905 512; baseline 0 -43"><span class='ocrx_word' id='word_1_3' title='bbox 132 408 298 512; x_wconf 90' lang='lat' dir='ltr'><strong>quaesieris</strong></span> <span class='ocrx_word' id='word_1_4' title='bbox 316 400 430 470; x_wconf 86' lang='lat' dir='ltr'><strong>‘nostin</strong></span> <span class='ocrx_word' id='word_1_5' title='bbox 454 408 559 470; x_wconf 82' lang='lat' dir='ltr'>Vettidi</span> <span class='ocrx_word' id='word_1_6' title='bbox 583 399 750 488; x_wconf 83' lang='lat' dir='ltr'><strong>praedial&#39;·</strong></span> <span class='ocrx_word' id='word_1_7' title='bbox 770 399 905 471; x_wconf 83' lang='lat' dir='ltr'><strong>‘ouiusl&#39;</strong></span> 
     </span>
    </p>

    <p class='ocr_par' dir='ltr' id='par_1_3' title="bbox 132 484 961 591">
     <span class='ocr_line' id='line_1_3' title="bbox 132 484 961 591; baseline 0.003 -37.038"><span class='ocrx_word' id='word_1_8' title='bbox 132 486 227 555; x_wconf 86' lang='lat' dir='ltr'><strong>‘dives</strong></span> <span class='ocrx_word' id='word_1_9' title='bbox 248 502 311 554; x_wconf 93' lang='lat' dir='ltr'><strong>arat</strong></span> <span class='ocrx_word' id='word_1_10' title='bbox 333 493 460 556; x_wconf 85' lang='lat' dir='ltr'><strong>Curibus</strong></span> <span class='ocrx_word' id='word_1_11' title='bbox 482 502 625 591; x_wconf 87' lang='lat' dir='ltr'><strong>quantum</strong></span> <span class='ocrx_word' id='word_1_12' title='bbox 650 513 711 554; x_wconf 93' lang='lat' dir='ltr'><strong>non</strong></span> <span class='ocrx_word' id='word_1_13' title='bbox 736 494 843 556; x_wconf 91' lang='lat' dir='ltr'><strong>miluus</strong></span> <span class='ocrx_word' id='word_1_14' title='bbox 866 484 961 556; x_wconf 84' lang='lat' dir='ltr'><strong>errat&#39;</strong></span> 
     </span>
    </p>

    <p class='ocr_par' dir='ltr' id='par_1_4' title="bbox 132 570 900 658">
     <span class='ocr_line' id='line_1_4' title="bbox 132 570 900 658; baseline 0.003 -20.04"><span class='ocrx_word' id='word_1_15' title='bbox 132 570 228 639; x_wconf 86' lang='lat' dir='ltr'><strong>‘huno</strong></span> <span class='ocrx_word' id='word_1_16' title='bbox 250 579 301 653; x_wconf 84' lang='lat' dir='ltr'><strong>ais,</strong></span> <span class='ocrx_word' id='word_1_17' title='bbox 324 580 405 640; x_wconf 90' lang='lat' dir='ltr'><strong>huno</strong></span> <span class='ocrx_word' id='word_1_18' title='bbox 428 579 472 640; x_wconf 95' lang='lat' dir='ltr'><strong>dis</strong></span> <span class='ocrx_word' id='word_1_19' title='bbox 493 580 575 641; x_wconf 90' lang='lat' dir='ltr'><strong>iratis</strong></span> <span class='ocrx_word' id='word_1_20' title='bbox 598 579 748 658; x_wconf 85' lang='lat' dir='ltr'><strong>genioque</strong></span> <span class='ocrx_word' id='word_1_21' title='bbox 770 580 900 655; x_wconf 90' lang='lat' dir='ltr'><strong>sinistro,</strong></span> 
     </span>
    </p>

    <p class='ocr_par' dir='ltr' id='par_1_5' title="bbox 135 663 972 745">
     <span class='ocr_line' id='line_1_5' title="bbox 135 663 972 745; baseline 0 -21"><span class='ocrx_word' id='word_1_22' title='bbox 135 664 195 742; x_wconf 86' lang='lat' dir='ltr'><strong>qui,</strong></span> <span class='ocrx_word' id='word_1_23' title='bbox 220 664 428 743; x_wconf 77' lang='lat' dir='ltr'><strong>quandoque</strong></span> <span class='ocrx_word' id='word_1_24' title='bbox 421 682 522 744; x_wconf 91' lang='lat' dir='ltr'><strong>rugum</strong></span> <span class='ocrx_word' id='word_1_25' title='bbox 545 674 667 744; x_wconf 90' lang='lat' dir='ltr'><strong>pertusa</strong></span> <span class='ocrx_word' id='word_1_26' title='bbox 689 666 724 725; x_wconf 93' lang='lat' dir='ltr'><strong>ad</strong></span> <span class='ocrx_word' id='word_1_27' title='bbox 748 665 876 745; x_wconf 87' lang='lat' dir='ltr'><strong>compita</strong></span> <span class='ocrx_word' id='word_1_28' title='bbox 899 663 972 743; x_wconf 86' lang='lat' dir='ltr'><strong>figit,</strong></span> 
     </span>
    </p>

    <p class='ocr_par' dir='ltr' id='par_1_6' title="bbox 136 748 873 851">
     <span class='ocr_line' id='line_1_6' title="bbox 136 748 873 851; baseline 0.003 -43"><span class='ocrx_word' id='word_1_29' title='bbox 136 748 261 809; x_wconf 90' lang='lat' dir='ltr'><strong>seriolae</strong></span> <span class='ocrx_word' id='word_1_30' title='bbox 283 757 412 811; x_wconf 88' lang='lat' dir='ltr'><strong>veterem</strong></span> <span class='ocrx_word' id='word_1_31' title='bbox 435 759 572 851; x_wconf 84' lang='lat' dir='ltr'><strong>metueps</strong></span> <span class='ocrx_word' id='word_1_32' title='bbox 595 749 736 810; x_wconf 92' lang='lat' dir='ltr'><strong>deradere</strong></span> <span class='ocrx_word' id='word_1_33' title='bbox 759 750 873 824; x_wconf 88' lang='lat' dir='ltr'><strong>limum,</strong></span> 
     </span>
    </p>

    <p class='ocr_par' dir='ltr' id='par_1_7' title="bbox 135 825 1217 999">
     <span class='ocr_line' id='line_1_7' title="bbox 135 825 1217 912; baseline 0.004 -19"><span class='ocrx_word' id='word_1_34' title='bbox 135 833 260 912; x_wconf 82' lang='lat' dir='ltr'><strong>ingemit</strong></span> <span class='ocrx_word' id='word_1_35' title='bbox 278 826 360 896; x_wconf 79' lang='lat' dir='ltr'><strong>“hoo</strong></span> <span class='ocrx_word' id='word_1_36' title='bbox 382 834 460 896; x_wconf 92' lang='lat' dir='ltr'><strong>bene</strong></span> <span class='ocrx_word' id='word_1_37' title='bbox 482 825 542 896; x_wconf 81' lang='lat' dir='ltr'><strong>sit’&#39;</strong></span> <span class='ocrx_word' id='word_1_38' title='bbox 568 835 733 896; x_wconf 89' lang='lat' dir='ltr'><strong>tunicatum</strong></span> <span class='ocrx_word' id='word_1_39' title='bbox 757 853 826 896; x_wconf 89' lang='lat' dir='ltr'><strong>oum</strong></span> <span class='ocrx_word' id='word_1_40' title='bbox 847 835 908 896; x_wconf 88' lang='lat' dir='ltr'><strong>sale</strong></span> <span class='ocrx_word' id='word_1_41' title='bbox 929 833 1072 897; x_wconf 91' lang='lat' dir='ltr'><strong>mordens</strong></span> <span class='ocrx_word' id='word_1_42' title='bbox 1189 845 1217 897; x_wconf 80' lang='lat' dir='ltr'><strong>at</strong></span> 
     </span>
     <span class='ocr_line' id='line_1_8' title="bbox 135 919 852 999; baseline 0.004 -22"><span class='ocrx_word' id='word_1_43' title='bbox 135 935 234 998; x_wconf 85' lang='lat' dir='ltr'><strong>caepe,</strong></span> <span class='ocrx_word' id='word_1_44' title='bbox 258 927 287 980; x_wconf 89' lang='lat' dir='ltr'><strong>et</strong></span> <span class='ocrx_word' id='word_1_45' title='bbox 309 920 416 980; x_wconf 84' lang='lat' dir='ltr'><strong>farrata</strong></span> <span class='ocrx_word' id='word_1_46' title='bbox 438 919 540 999; x_wconf 91' lang='lat' dir='ltr'><strong>pueris</strong></span> <span class='ocrx_word' id='word_1_47' title='bbox 561 919 773 999; x_wconf 78' lang='lat' dir='ltr'><strong>plaudentibus</strong></span> <span class='ocrx_word' id='word_1_48' title='bbox 795 920 852 980; x_wconf 91' lang='lat' dir='ltr'><strong>olla</strong></span> 
     </span>
    </p>

    <p class='ocr_par' dir='ltr' id='par_1_8' title="bbox 134 995 870 1101">
     <span class='ocr_line' id='line_1_9' title="bbox 134 995 870 1101; baseline 0.003 -38"><span class='ocrx_word' id='word_1_49' title='bbox 134 1021 301 1101; x_wconf 86' lang='lat' dir='ltr'><strong>pannosam</strong></span> <span class='ocrx_word' id='word_1_50' title='bbox 323 1006 435 1065; x_wconf 81' lang='lat' dir='ltr'><strong>faecem</strong></span> <span class='ocrx_word' id='word_1_51' title='bbox 458 1005 613 1066; x_wconf 91' lang='lat' dir='ltr'><strong>morientis</strong></span> <span class='ocrx_word' id='word_1_52' title='bbox 635 1004 738 1066; x_wconf 86' lang='lat' dir='ltr'><strong>sorbet</strong></span> <span class='ocrx_word' id='word_1_53' title='bbox 759 995 870 1065; x_wconf 81' lang='lat' dir='ltr'><strong>acetil&#39;</strong></span> 
     </span>
    </p>

    <p class='ocr_par' dir='ltr' id='par_1_9' title="bbox 133 1089 877 1168">
     <span class='ocr_line' id='line_1_10' title="bbox 133 1089 877 1168; baseline 0.001 -20"><span class='ocrx_word' id='word_1_54' title='bbox 133 1097 162 1148; x_wconf 94' lang='lat' dir='ltr'><strong>at</strong></span> <span class='ocrx_word' id='word_1_55' title='bbox 184 1089 208 1150; x_wconf 89' lang='lat' dir='ltr'><strong>si</strong></span> <span class='ocrx_word' id='word_1_56' title='bbox 231 1097 341 1151; x_wconf 84' lang='lat' dir='ltr'><strong>unctus</strong></span> <span class='ocrx_word' id='word_1_57' title='bbox 363 1107 461 1151; x_wconf 85' lang='lat' dir='ltr'><strong>cesses</strong></span> <span class='ocrx_word' id='word_1_58' title='bbox 484 1097 514 1150; x_wconf 93' lang='lat' dir='ltr'><strong>et</strong></span> <span class='ocrx_word' id='word_1_59' title='bbox 535 1091 637 1168; x_wconf 87' lang='lat' dir='ltr'><strong>figas</strong></span> <span class='ocrx_word' id='word_1_60' title='bbox 629 1109 660 1150; x_wconf 93' lang='grc' dir='ltr'><strong>ιιι</strong></span> <span class='ocrx_word' id='word_1_61' title='bbox 684 1098 752 1151; x_wconf 90' lang='lat' dir='ltr'><strong>oute</strong></span> <span class='ocrx_word' id='word_1_62' title='bbox 775 1090 877 1167; x_wconf 85' lang='lat' dir='ltr'><strong>solem,</strong></span> 
     </span>
    </p>
   </div>
   <div class='ocr_carea' id='block_1_3' title="bbox 122 1261 1215 3123">
    <p class='ocr_par' dir='ltr' id='par_1_10' title="bbox 126 1261 1215 2346">
     <span class='ocr_line' id='line_1_11' title="bbox 132 1261 1214 1337; baseline 0.002 -19"><span class='ocrx_word' id='word_1_63' title='bbox 132 1277 201 1335; x_wconf 87' lang='lat' dir='ltr'><strong>quae</strong></span> <span class='ocrx_word' id='word_1_64' title='bbox 229 1270 292 1319; x_wconf 91' lang='lat' dir='ltr'><strong>ante</strong></span> <span class='ocrx_word' id='word_1_65' title='bbox 320 1271 416 1336; x_wconf 88' lang='lat' dir='ltr'><strong>pectus</strong></span> <span class='ocrx_word' id='word_1_66' title='bbox 446 1271 502 1327; x_wconf 86' lang='lat' dir='ltr'><strong>est,</strong></span> <span class='ocrx_word' id='word_1_67' title='bbox 532 1261 617 1318; x_wconf 87' lang='lat' dir='ltr'><strong>aliena</strong></span> <span class='ocrx_word' id='word_1_68' title='bbox 645 1262 721 1326; x_wconf 88' lang='lat' dir='ltr'><strong>vitia,</strong></span> <span class='ocrx_word' id='word_1_69' title='bbox 743 1262 770 1317; x_wconf 87' lang='lat' dir='ltr'><strong>in</strong></span> <span class='ocrx_word' id='word_1_70' title='bbox 795 1279 910 1320; x_wconf 85' lang='lat' dir='ltr'><strong>cavero</strong></span> <span class='ocrx_word' id='word_1_71' title='bbox 933 1279 1038 1336; x_wconf 89' lang='lat' dir='ltr'><strong>quaea</strong></span> <span class='ocrx_word' id='word_1_72' title='bbox 1063 1271 1141 1337; x_wconf 84' lang='lat' dir='ltr'><strong>tergo</strong></span> <span class='ocrx_word' id='word_1_73' title='bbox 1166 1270 1214 1327; x_wconf 80' lang='lat' dir='ltr'><strong>est.</strong></span> 
     </span>
     <span class='ocr_line' id='line_1_12' title="bbox 132 1347 1215 1423; baseline 0.004 -21"><span class='ocrx_word' id='word_1_74' title='bbox 132 1355 234 1403; x_wconf 86' lang='lat' dir='ltr'><strong>nostra.</strong></span> <span class='ocrx_word' id='word_1_75' title='bbox 258 1363 345 1421; x_wconf 87' lang='lat' dir='ltr'><strong>eoque</strong></span> <span class='ocrx_word' id='word_1_76' title='bbox 373 1347 461 1404; x_wconf 86' lang='lat' dir='ltr'><strong>evenit</strong></span> <span class='ocrx_word' id='word_1_77' title='bbox 489 1354 520 1403; x_wconf 89' lang='lat' dir='ltr'><strong>ut</strong></span> <span class='ocrx_word' id='word_1_78' title='bbox 548 1347 632 1403; x_wconf 87' lang='lat' dir='ltr'><strong>aliena</strong></span> <span class='ocrx_word' id='word_1_79' title='bbox 662 1347 754 1420; x_wconf 88' lang='lat' dir='ltr'><strong>potius</strong></span> <span class='ocrx_word' id='word_1_80' title='bbox 784 1347 879 1404; x_wconf 91' lang='lat' dir='ltr'><strong>delicta</strong></span> <span class='ocrx_word' id='word_1_81' title='bbox 902 1365 982 1422; x_wconf 84' lang='lat' dir='ltr'><strong>quam</strong></span> <span class='ocrx_word' id='word_1_82' title='bbox 1003 1347 1117 1423; x_wconf 87' lang='lat' dir='ltr'><strong>propria</strong></span> <span class='ocrx_word' id='word_1_83' title='bbox 1137 1348 1215 1406; x_wconf 85' lang='lat' dir='ltr'><strong>vide-</strong></span> 
     </span>
     <span class='ocr_line' id='line_1_13' title="bbox 130 1431 1214 1507; baseline 0.003 -20"><span class='ocrx_word' id='word_1_84' title='bbox 130 1447 215 1488; x_wconf 86' lang='lat' dir='ltr'><strong>amus.</strong></span> <span class='ocrx_word' id='word_1_85' title='bbox 296 1432 417 1506; x_wconf 84' lang='lat' dir='ltr'><strong>Zopyrus</strong></span> <span class='ocrx_word' id='word_1_86' title='bbox 432 1431 606 1506; x_wconf 74' lang='lat' dir='ltr'><strong>physiologos</strong></span> <span class='ocrx_word' id='word_1_87' title='bbox 622 1432 655 1489; x_wconf 87' lang='lat' dir='ltr'><strong>de</strong></span> <span class='ocrx_word' id='word_1_88' title='bbox 670 1432 745 1488; x_wconf 87' lang='lat' dir='ltr'><strong>vultu</strong></span> <span class='ocrx_word' id='word_1_89' title='bbox 767 1432 905 1489; x_wconf 90' lang='lat' dir='ltr'><strong>hominum</strong></span> <span class='ocrx_word' id='word_1_90' title='bbox 927 1449 1016 1490; x_wconf 89' lang='lat' dir='ltr'><strong>mores</strong></span> <span class='ocrx_word' id='word_1_91' title='bbox 1038 1433 1214 1507; x_wconf 87' lang='lat' dir='ltr'><strong>agnoscebat.</strong></span> 
     </span>
     <span class='ocr_line' id='line_1_14' title="bbox 131 1510 1214 1590; baseline 0.003 -18"><span class='ocrx_word' id='word_1_92' title='bbox 131 1518 176 1590; x_wconf 93' lang='lat' dir='ltr'><strong>qui</strong></span> <span class='ocrx_word' id='word_1_93' title='bbox 200 1532 261 1573; x_wconf 91' lang='lat' dir='ltr'><strong>cum</strong></span> <span class='ocrx_word' id='word_1_94' title='bbox 282 1516 314 1571; x_wconf 89' lang='lat' dir='ltr'><strong>ad</strong></span> <span class='ocrx_word' id='word_1_95' title='bbox 337 1516 476 1573; x_wconf 89' lang='lat' dir='ltr'><strong>Socratem</strong></span> <span class='ocrx_word' id='word_1_96' title='bbox 497 1517 609 1582; x_wconf 88' lang='lat' dir='ltr'><strong>reniret,</strong></span> <span class='ocrx_word' id='word_1_97' title='bbox 633 1518 669 1573; x_wconf 87' lang='lat' dir='ltr'><strong>ait</strong></span> <span class='ocrx_word' id='word_1_98' title='bbox 691 1516 715 1573; x_wconf 88' lang='lat' dir='ltr'><strong>ei</strong></span> <span class='ocrx_word' id='word_1_99' title='bbox 729 1510 906 1574; x_wconf 86' lang='lat' dir='ltr'><strong>‘libidinosus</strong></span> <span class='ocrx_word' id='word_1_100' title='bbox 928 1513 976 1579; x_wconf 85' lang='lat' dir='ltr'><strong>es&#39;.</strong></span> <span class='ocrx_word' id='word_1_101' title='bbox 1021 1527 1049 1575; x_wconf 89' lang='lat' dir='ltr'><strong>at</strong></span> <span class='ocrx_word' id='word_1_102' title='bbox 1070 1519 1148 1575; x_wconf 92' lang='lat' dir='ltr'><strong>illum</strong></span> <span class='ocrx_word' id='word_1_103' title='bbox 1170 1518 1214 1575; x_wconf 92' lang='lat' dir='ltr'><strong>in·</strong></span> 
     </span>
     <span class='ocr_line' id='line_1_15' title="bbox 129 1600 1214 1677; baseline 0.006 -22"><span class='ocrx_word' id='word_1_104' title='bbox 129 1601 204 1657; x_wconf 92' lang='lat' dir='ltr'><strong>iuriis</strong></span> <span class='ocrx_word' id='word_1_105' title='bbox 227 1601 350 1674; x_wconf 88' lang='lat' dir='ltr'><strong>discipuli</strong></span> <span class='ocrx_word' id='word_1_106' title='bbox 372 1600 477 1659; x_wconf 80' lang='lat' dir='ltr'><strong>afficere</strong></span> <span class='ocrx_word' id='word_1_107' title='bbox 499 1602 652 1665; x_wconf 83' lang='lat' dir='ltr'><strong>volucrunt,</strong></span> <span class='ocrx_word' id='word_1_108' title='bbox 676 1602 750 1674; x_wconf 92' lang='lat' dir='ltr'><strong>quod</strong></span> <span class='ocrx_word' id='word_1_109' title='bbox 773 1603 806 1658; x_wconf 88' lang='lat' dir='ltr'><strong>de</strong></span> <span class='ocrx_word' id='word_1_110' title='bbox 828 1603 956 1677; x_wconf 82' lang='lat' dir='ltr'><strong>magistro</strong></span> <span class='ocrx_word' id='word_1_111' title='bbox 972 1620 1066 1661; x_wconf 89' lang='lat' dir='ltr'><strong>eorum</strong></span> <span class='ocrx_word' id='word_1_112' title='bbox 1083 1604 1214 1661; x_wconf 85' lang='lat' dir='ltr'><strong>iniuriose</strong></span> 
     </span>
     <span class='ocr_line' id='line_1_16' title="bbox 128 1681 1214 1762; baseline 0.005 -21"><span class='ocrx_word' id='word_1_113' title='bbox 128 1684 237 1741; x_wconf 87' lang='lat' dir='ltr'><strong>locutus</strong></span> <span class='ocrx_word' id='word_1_114' title='bbox 266 1685 309 1741; x_wconf 91' lang='lat' dir='ltr'><strong>sit.</strong></span> <span class='ocrx_word' id='word_1_115' title='bbox 353 1694 419 1744; x_wconf 90' lang='lat' dir='ltr'><strong>tunc</strong></span> <span class='ocrx_word' id='word_1_116' title='bbox 446 1685 490 1743; x_wconf 89' lang='lat' dir='ltr'><strong>ille</strong></span> <span class='ocrx_word' id='word_1_117' title='bbox 520 1688 556 1743; x_wconf 89' lang='lat' dir='ltr'><strong>ait</strong></span> <span class='ocrx_word' id='word_1_118' title='bbox 578 1681 709 1760; x_wconf 86' lang='lat' dir='ltr'><strong>‘parcite,</strong></span> <span class='ocrx_word' id='word_1_119' title='bbox 740 1704 800 1743; x_wconf 91' lang='lat' dir='ltr'><strong>sum</strong></span> <span class='ocrx_word' id='word_1_120' title='bbox 829 1688 937 1762; x_wconf 84' lang='lat' dir='ltr'><strong>quidem</strong></span> <span class='ocrx_word' id='word_1_121' title='bbox 965 1688 1136 1755; x_wconf 91' lang='lat' dir='ltr'><strong>libidinosus,</strong></span> <span class='ocrx_word' id='word_1_122' title='bbox 1166 1689 1214 1746; x_wconf 83' lang='lat' dir='ltr'><strong>sed</strong></span> 
     </span>
     <span class='ocr_line' id='line_1_17' title="bbox 129 1767 1214 1848; baseline 0.003 -21"><span class='ocrx_word' id='word_1_123' title='bbox 129 1787 219 1827; x_wconf 92' lang='lat' dir='ltr'><strong>meum</strong></span> <span class='ocrx_word' id='word_1_124' title='bbox 242 1781 283 1827; x_wconf 86' lang='lat' dir='ltr'><strong>est</strong></span> <span class='ocrx_word' id='word_1_125' title='bbox 304 1770 388 1845; x_wconf 91' lang='lat' dir='ltr'><strong>ipsam</strong></span> <span class='ocrx_word' id='word_1_126' title='bbox 410 1770 545 1829; x_wconf 88' lang='lat' dir='ltr'><strong>libidinem</strong></span> <span class='ocrx_word' id='word_1_127' title='bbox 567 1767 693 1828; x_wconf 86' lang='lat' dir='ltr'><strong>vincere&#39;.</strong></span> <span class='ocrx_word' id='word_1_128' title='bbox 782 1774 821 1832; x_wconf 84' lang='lat'><strong>25</strong></span> <span class='ocrx_word' id='word_1_129' title='bbox 845 1771 977 1831; x_wconf 86' lang='lat' dir='ltr'><strong>Velidium</strong></span> <span class='ocrx_word' id='word_1_130' title='bbox 999 1775 1135 1848; x_wconf 90' lang='lat' dir='ltr'><strong>quendam</strong></span> <span class='ocrx_word' id='word_1_131' title='bbox 1150 1774 1214 1833; x_wconf 89' lang='lat' dir='ltr'><strong>dicit</strong></span> 
     </span>
     <span class='ocr_line' id='line_1_18' title="bbox 128 1854 1214 1934; baseline 0.005 -24"><span class='ocrx_word' id='word_1_132' title='bbox 128 1855 155 1910; x_wconf 94' lang='lat' dir='ltr'><strong>in</strong></span> <span class='ocrx_word' id='word_1_133' title='bbox 179 1854 282 1912; x_wconf 84' lang='lat' dir='ltr'><strong>Sabinis</strong></span> <span class='ocrx_word' id='word_1_134' title='bbox 308 1856 491 1931; x_wconf 87' lang='lat' dir='ltr'><strong>possidentem</strong></span> <span class='ocrx_word' id='word_1_135' title='bbox 519 1856 626 1930; x_wconf 90' lang='lat' dir='ltr'><strong>praedia</strong></span> <span class='ocrx_word' id='word_1_136' title='bbox 653 1873 707 1913; x_wconf 91' lang='lat' dir='ltr'><strong>nou</strong></span> <span class='ocrx_word' id='word_1_137' title='bbox 732 1874 826 1932; x_wconf 88' lang='lat' dir='ltr'><strong>pauca.</strong></span> <span class='ocrx_word' id='word_1_138' title='bbox 914 1862 953 1917; x_wconf 79' lang='lat' dir='ltr'><strong>tt</strong></span> <span class='ocrx_word' id='word_1_139' title='bbox 977 1858 1107 1925; x_wconf 82' lang='lat' dir='ltr'><strong>Curibus,</strong></span> <span class='ocrx_word' id='word_1_140' title='bbox 1139 1860 1214 1934; x_wconf 93' lang='lat' dir='ltr'><strong>quod</strong></span> 
     </span>
     <span class='ocr_line' id='line_1_19' title="bbox 127 1941 1214 2018; baseline 0.006 -22"><span class='ocrx_word' id='word_1_141' title='bbox 127 1957 227 1998; x_wconf 90' lang='lat' dir='ltr'><strong>nomen</strong></span> <span class='ocrx_word' id='word_1_142' title='bbox 249 1941 303 1997; x_wconf 88' lang='lat' dir='ltr'><strong>loci</strong></span> <span class='ocrx_word' id='word_1_143' title='bbox 325 1951 381 2007; x_wconf 90' lang='lat' dir='ltr'><strong>est,</strong></span> <span class='ocrx_word' id='word_1_144' title='bbox 405 1942 479 1998; x_wconf 88' lang='lat' dir='ltr'><strong>unde</strong></span> <span class='ocrx_word' id='word_1_145' title='bbox 501 1951 529 1997; x_wconf 87' lang='lat' dir='ltr'><strong>ct</strong></span> <span class='ocrx_word' id='word_1_146' title='bbox 549 1943 616 1998; x_wconf 93' lang='lat' dir='ltr'><strong>luno</strong></span> <span class='ocrx_word' id='word_1_147' title='bbox 640 1941 735 1998; x_wconf 85' lang='lat' dir='ltr'><strong>Curitis</strong></span> <span class='ocrx_word' id='word_1_148' title='bbox 759 1943 870 2008; x_wconf 88' lang='lat' dir='ltr'><strong>dicitur,</strong></span> <span class='ocrx_word' id='word_1_149' title='bbox 899 1944 960 2018; x_wconf 89' lang='lat' dir='ltr'><strong>quia</strong></span> <span class='ocrx_word' id='word_1_150' title='bbox 982 1944 1018 2003; x_wconf 91' lang='lat' dir='ltr'><strong>ibi</strong></span> <span class='ocrx_word' id='word_1_151' title='bbox 1039 1944 1214 2003; x_wconf 79' lang='lat' dir='ltr'><strong>veliementer</strong></span> 
     </span>
     <span class='ocr_line' id='line_1_20' title="bbox 128 2022 1212 2102; baseline 0.005 -21"><span class='ocrx_word' id='word_1_152' title='bbox 128 2025 236 2082; x_wconf 86' lang='lat' dir='ltr'><strong>colitur.</strong></span> <span class='ocrx_word' id='word_1_153' title='bbox 302 2026 354 2082; x_wconf 89' lang='lat' dir='ltr'><strong>dici</strong></span> <span class='ocrx_word' id='word_1_154' title='bbox 375 2025 446 2082; x_wconf 91' lang='lat' dir='ltr'><strong>solet</strong></span> <span class='ocrx_word' id='word_1_155' title='bbox 467 2027 614 2083; x_wconf 87' lang='lat' dir='ltr'><strong>secundum</strong></span> <span class='ocrx_word' id='word_1_156' title='bbox 645 2026 817 2102; x_wconf 88' lang='lat' dir='ltr'><strong>proverbium</strong></span> <span class='ocrx_word' id='word_1_157' title='bbox 832 2022 982 2102; x_wconf 84' lang='lat' dir='ltr'><strong>‘quantum</strong></span> <span class='ocrx_word' id='word_1_158' title='bbox 1004 2030 1077 2086; x_wconf 90' lang='lat' dir='ltr'><strong>milvi</strong></span> <span class='ocrx_word' id='word_1_159' title='bbox 1099 2024 1212 2087; x_wconf 86' lang='lat' dir='ltr'><strong>volant’.</strong></span> 
     </span>
     <span class='ocr_line' id='line_1_21' title="bbox 127 2109 1212 2190; baseline 0.006 -26"><span class='ocrx_word' id='word_1_160' title='bbox 127 2109 230 2167; x_wconf 87' lang='lat' dir='ltr'><strong>inducit</strong></span> <span class='ocrx_word' id='word_1_161' title='bbox 252 2127 317 2183; x_wconf 89' lang='lat' dir='ltr'><strong>crgo</strong></span> <span class='ocrx_word' id='word_1_162' title='bbox 339 2128 388 2185; x_wconf 87' lang='lat' dir='ltr'><strong>per</strong></span> <span class='ocrx_word' id='word_1_163' title='bbox 411 2110 542 2168; x_wconf 88' lang='lat' dir='ltr'><strong>Vctidium</strong></span> <span class='ocrx_word' id='word_1_164' title='bbox 566 2112 614 2168; x_wconf 89' lang='lat' dir='ltr'><strong>diis</strong></span> <span class='ocrx_word' id='word_1_165' title='bbox 635 2112 710 2169; x_wconf 87' lang='lat' dir='ltr'><strong>iratis</strong></span> <span class='ocrx_word' id='word_1_166' title='bbox 733 2121 760 2170; x_wconf 92' lang='lat' dir='ltr'><strong>et</strong></span> <span class='ocrx_word' id='word_1_167' title='bbox 774 2113 844 2170; x_wconf 91' lang='lat' dir='ltr'><strong>malo</strong></span> <span class='ocrx_word' id='word_1_168' title='bbox 867 2114 946 2187; x_wconf 86' lang='lat' dir='ltr'><strong>genio</strong></span> <span class='ocrx_word' id='word_1_169' title='bbox 970 2124 1056 2180; x_wconf 86' lang='lat' dir='ltr'><strong>natos,</strong></span> <span class='ocrx_word' id='word_1_170' title='bbox 1079 2115 1128 2190; x_wconf 90' lang='lat' dir='ltr'><strong>qui</strong></span> <span class='ocrx_word' id='word_1_171' title='bbox 1151 2132 1212 2173; x_wconf 90' lang='lat' dir='ltr'><strong>cum</strong></span> 
     </span>
     <span class='ocr_line' id='line_1_22' title="bbox 128 2194 1212 2274; baseline 0.007 -23"><span class='ocrx_word' id='word_1_172' title='bbox 128 2195 222 2252; x_wconf 85' lang='lat' dir='ltr'><strong>divites</strong></span> <span class='ocrx_word' id='word_1_173' title='bbox 250 2194 318 2260; x_wconf 85' lang='lat' dir='ltr'><strong>sint,</strong></span> <span class='ocrx_word' id='word_1_174' title='bbox 348 2195 472 2252; x_wconf 88' lang='lat' dir='ltr'><strong>esuriunt</strong></span> <span class='ocrx_word' id='word_1_175' title='bbox 500 2208 526 2253; x_wconf 91' lang='lat' dir='ltr'><strong>et</strong></span> <span class='ocrx_word' id='word_1_176' title='bbox 548 2196 602 2254; x_wconf 90' lang='lat' dir='ltr'><strong>sale</strong></span> <span class='ocrx_word' id='word_1_177' title='bbox 624 2206 651 2255; x_wconf 91' lang='lat' dir='ltr'><strong>ct</strong></span> <span class='ocrx_word' id='word_1_178' title='bbox 674 2214 753 2272; x_wconf 86' lang='lat' dir='ltr'><strong>caepe</strong></span> <span class='ocrx_word' id='word_1_179' title='bbox 783 2208 929 2256; x_wconf 89' lang='lat' dir='ltr'><strong>vescuntur</strong></span> <span class='ocrx_word' id='word_1_180' title='bbox 951 2210 978 2257; x_wconf 87' lang='lat' dir='ltr'><strong>et</strong></span> <span class='ocrx_word' id='word_1_181' title='bbox 999 2216 1109 2274; x_wconf 88' lang='lat' dir='ltr'><strong>poscam</strong></span> <span class='ocrx_word' id='word_1_182' title='bbox 1133 2201 1212 2259; x_wconf 90' lang='lat' dir='ltr'><strong>etiam</strong></span> 
     </span>
     <span class='ocr_line' id='line_1_23' title="bbox 126 2279 1079 2346; baseline 0.007 -11"><span class='ocrx_word' id='word_1_183' title='bbox 126 2280 152 2335; x_wconf 94' lang='lat' dir='ltr'><strong>in</strong></span> <span class='ocrx_word' id='word_1_184' title='bbox 181 2279 310 2339; x_wconf 86' lang='lat' dir='ltr'><strong>sacrificio</strong></span> <span class='ocrx_word' id='word_1_185' title='bbox 339 2279 437 2346; x_wconf 89' lang='lat' dir='ltr'><strong>libant,</strong></span> <span class='ocrx_word' id='word_1_186' title='bbox 468 2281 531 2337; x_wconf 91' lang='lat' dir='ltr'><strong>dum</strong></span> <span class='ocrx_word' id='word_1_187' title='bbox 557 2299 613 2339; x_wconf 92' lang='lat' dir='ltr'><strong>non</strong></span> <span class='ocrx_word' id='word_1_188' title='bbox 642 2283 725 2340; x_wconf 86' lang='lat' dir='ltr'><strong>velint</strong></span> <span class='ocrx_word' id='word_1_189' title='bbox 752 2283 852 2340; x_wconf 92' lang='lat' dir='ltr'><strong>dolium</strong></span> <span class='ocrx_word' id='word_1_190' title='bbox 875 2285 928 2341; x_wconf 90' lang='lat' dir='ltr'><strong>vini</strong></span> <span class='ocrx_word' id='word_1_191' title='bbox 950 2302 1079 2342; x_wconf 85' lang='lat' dir='ltr'><strong>reserare.</strong></span> 
     </span>
    </p>

    <p class='ocr_par' dir='ltr' id='par_1_11' title="bbox 122 2367 1212 3123">
     <span class='ocr_line' id='line_1_24' title="bbox 213 2367 1212 2443; baseline 0.004 -18"><span class='ocrx_word' id='word_1_192' title='bbox 213 2368 252 2425; x_wconf 84' lang='lat'><strong>28</strong></span> <span class='ocrx_word' id='word_1_193' title='bbox 276 2367 394 2441; x_wconf 91' lang='lat' dir='ltr'><strong>compita</strong></span> <span class='ocrx_word' id='word_1_194' title='bbox 422 2375 487 2424; x_wconf 91' lang='lat' dir='ltr'><strong>sunt</strong></span> <span class='ocrx_word' id='word_1_195' title='bbox 513 2367 571 2425; x_wconf 89' lang='lat' dir='ltr'><strong>loca</strong></span> <span class='ocrx_word' id='word_1_196' title='bbox 598 2368 627 2424; x_wconf 90' lang='lat' dir='ltr'><strong>in</strong></span> <span class='ocrx_word' id='word_1_197' title='bbox 656 2368 798 2443; x_wconf 79' lang='lat' dir='ltr'><strong>quadriviis</strong></span> <span class='ocrx_word' id='word_1_198' title='bbox 828 2370 905 2443; x_wconf 91' lang='lat' dir='ltr'><strong>quasi</strong></span> <span class='ocrx_word' id='word_1_199' title='bbox 934 2379 1031 2434; x_wconf 89' lang='lat' dir='ltr'><strong>turres,</strong></span> <span class='ocrx_word' id='word_1_200' title='bbox 1055 2369 1103 2426; x_wconf 92' lang='lat' dir='ltr'><strong>ubi</strong></span> <span class='ocrx_word' id='word_1_201' title='bbox 1125 2371 1212 2429; x_wconf 82' lang='lat' dir='ltr'><strong>sacri-</strong></span> 
     </span>
     <span class='ocr_line' id='line_1_25' title="bbox 125 2450 1211 2531; baseline 0.006 -24"><span class='ocrx_word' id='word_1_202' title='bbox 125 2450 184 2508; x_wconf 86' lang='lat' dir='ltr'><strong>ficia</strong></span> <span class='ocrx_word' id='word_1_203' title='bbox 207 2451 280 2508; x_wconf 88' lang='lat' dir='ltr'><strong>linita</strong></span> <span class='ocrx_word' id='word_1_204' title='bbox 303 2452 467 2526; x_wconf 77' lang='lat' dir='ltr'><strong>agricultura</strong></span> <span class='ocrx_word' id='word_1_205' title='bbox 489 2454 582 2511; x_wconf 84' lang='lat' dir='ltr'><strong>rustici</strong></span> <span class='ocrx_word' id='word_1_206' title='bbox 605 2453 785 2512; x_wconf 88' lang='lat' dir='ltr'><strong>celebrabant.</strong></span> <span class='ocrx_word' id='word_1_207' title='bbox 829 2454 924 2511; x_wconf 89' lang='lat' dir='ltr'><strong>merito</strong></span> <span class='ocrx_word' id='word_1_208' title='bbox 939 2464 1058 2528; x_wconf 87' lang='lat' dir='ltr'><strong>pertusa,</strong></span> <span class='ocrx_word' id='word_1_209' title='bbox 1083 2457 1148 2530; x_wconf 88' lang='lat' dir='ltr'><strong>quia</strong></span> <span class='ocrx_word' id='word_1_210' title='bbox 1163 2473 1211 2531; x_wconf 90' lang='lat' dir='ltr'><strong>per</strong></span> 
     </span>
     <span class='ocr_line' id='line_1_26' title="bbox 124 2539 1211 2618; baseline 0.005 -24"><span class='ocrx_word' id='word_1_211' title='bbox 124 2553 217 2595; x_wconf 86' lang='lat' dir='ltr'><strong>omnes</strong></span> <span class='ocrx_word' id='word_1_212' title='bbox 245 2547 374 2612; x_wconf 89' lang='lat' dir='ltr'><strong>quattuor</strong></span> <span class='ocrx_word' id='word_1_213' title='bbox 400 2548 490 2614; x_wconf 89' lang='lat' dir='ltr'><strong>partes</strong></span> <span class='ocrx_word' id='word_1_214' title='bbox 517 2548 635 2614; x_wconf 89' lang='lat' dir='ltr'><strong>pateant.</strong></span> <span class='ocrx_word' id='word_1_215' title='bbox 667 2539 707 2597; x_wconf 84' lang='lat' dir='ltr'><strong>vel</strong></span> <span class='ocrx_word' id='word_1_216' title='bbox 737 2549 851 2598; x_wconf 86' lang='lat' dir='ltr'><strong>vetusta.</strong></span> <span class='ocrx_word' id='word_1_217' title='bbox 885 2549 932 2597; x_wconf 88' lang='lat' dir='ltr'><strong>aut</strong></span> <span class='ocrx_word' id='word_1_218' title='bbox 960 2543 1076 2615; x_wconf 87' lang='lat' dir='ltr'><strong>compita</strong></span> <span class='ocrx_word' id='word_1_219' title='bbox 1098 2542 1211 2618; x_wconf 87' lang='lat' dir='ltr'><strong>proprie</strong></span> 
     </span>
     <span class='ocr_line' id='line_1_27' title="bbox 123 2624 1211 2702; baseline 0.006 -24"><span class='ocrx_word' id='word_1_220' title='bbox 123 2639 137 2678; x_wconf 91' lang='lat' dir='ltr'><strong>a</strong></span> <span class='ocrx_word' id='word_1_221' title='bbox 161 2625 340 2698; x_wconf 86' lang='lat' dir='ltr'><strong>compotando</strong></span> <span class='ocrx_word' id='word_1_222' title='bbox 369 2624 397 2681; x_wconf 92' lang='lat' dir='ltr'><strong>id</strong></span> <span class='ocrx_word' id='word_1_223' title='bbox 425 2633 468 2682; x_wconf 90' lang='lat' dir='ltr'><strong>est</strong></span> <span class='ocrx_word' id='word_1_224' title='bbox 494 2625 573 2682; x_wconf 91' lang='lat' dir='ltr'><strong>simul</strong></span> <span class='ocrx_word' id='word_1_225' title='bbox 603 2624 736 2690; x_wconf 86' lang='lat' dir='ltr'><strong>bibendo,</strong></span> <span class='ocrx_word' id='word_1_226' title='bbox 764 2635 875 2699; x_wconf 89' lang='lat' dir='ltr'><strong>pertusa</strong></span> <span class='ocrx_word' id='word_1_227' title='bbox 896 2634 994 2691; x_wconf 87' lang='lat' dir='ltr'><strong>autem,</strong></span> <span class='ocrx_word' id='word_1_228' title='bbox 1018 2626 1080 2700; x_wconf 91' lang='lat' dir='ltr'><strong>quia</strong></span> <span class='ocrx_word' id='word_1_229' title='bbox 1102 2629 1211 2702; x_wconf 82' lang='lat' dir='ltr'><strong>pervius</strong></span> 
     </span>
     <span class='ocr_line' id='line_1_28' title="bbox 123 2710 1211 2785; baseline 0.005 -20"><span class='ocrx_word' id='word_1_230' title='bbox 123 2710 252 2766; x_wconf 88' lang='lat' dir='ltr'><strong>transitus</strong></span> <span class='ocrx_word' id='word_1_231' title='bbox 281 2719 321 2766; x_wconf 84' lang='lat' dir='ltr'><strong>cst</strong></span> <span class='ocrx_word' id='word_1_232' title='bbox 350 2719 378 2766; x_wconf 88' lang='lat' dir='ltr'><strong>et</strong></span> <span class='ocrx_word' id='word_1_233' title='bbox 400 2710 462 2766; x_wconf 88' lang='lat' dir='ltr'><strong>viris</strong></span> <span class='ocrx_word' id='word_1_234' title='bbox 484 2719 512 2766; x_wconf 93' lang='lat' dir='ltr'><strong>et</strong></span> <span class='ocrx_word' id='word_1_235' title='bbox 535 2710 650 2767; x_wconf 86' lang='lat' dir='ltr'><strong>leminis.</strong></span> <span class='ocrx_word' id='word_1_236' title='bbox 694 2710 737 2766; x_wconf 87' lang='lat' dir='ltr'><strong>rel</strong></span> <span class='ocrx_word' id='word_1_237' title='bbox 760 2711 907 2785; x_wconf 86' lang='lat' dir='ltr'><strong>compitum</strong></span> <span class='ocrx_word' id='word_1_238' title='bbox 929 2721 970 2768; x_wconf 90' lang='lat' dir='ltr'><strong>est</strong></span> <span class='ocrx_word' id='word_1_239' title='bbox 993 2728 1049 2767; x_wconf 90' lang='lat' dir='ltr'><strong>non</strong></span> <span class='ocrx_word' id='word_1_240' title='bbox 1070 2712 1163 2770; x_wconf 89' lang='lat' dir='ltr'><strong>solum</strong></span> <span class='ocrx_word' id='word_1_241' title='bbox 1184 2714 1211 2770; x_wconf 91' lang='lat' dir='ltr'><strong>in</strong></span> 
     </span>
     <span class='ocr_line' id='line_1_29' title="bbox 122 2793 1212 2870; baseline 0.006 -20"><span class='ocrx_word' id='word_1_242' title='bbox 122 2793 191 2850; x_wconf 92' lang='lat' dir='ltr'><strong>urbe</strong></span> <span class='ocrx_word' id='word_1_243' title='bbox 219 2793 296 2850; x_wconf 89' lang='lat' dir='ltr'><strong>locus</strong></span> <span class='ocrx_word' id='word_1_244' title='bbox 326 2794 353 2849; x_wconf 92' lang='lat' dir='ltr'><strong>in</strong></span> <span class='ocrx_word' id='word_1_245' title='bbox 377 2794 599 2868; x_wconf 84' lang='lat' dir='ltr'><strong>quamplurimis</strong></span> <span class='ocrx_word' id='word_1_246' title='bbox 623 2795 670 2850; x_wconf 88' lang='lat' dir='ltr'><strong>viis</strong></span> <span class='ocrx_word' id='word_1_247' title='bbox 691 2795 755 2857; x_wconf 86' lang='lat' dir='ltr'><strong>itur,</strong></span> <span class='ocrx_word' id='word_1_248' title='bbox 784 2796 831 2851; x_wconf 91' lang='lat' dir='ltr'><strong>sed</strong></span> <span class='ocrx_word' id='word_1_249' title='bbox 854 2796 932 2851; x_wconf 89' lang='lat' dir='ltr'><strong>etiam</strong></span> <span class='ocrx_word' id='word_1_250' title='bbox 955 2795 1010 2853; x_wconf 90' lang='lat' dir='ltr'><strong>viae</strong></span> <span class='ocrx_word' id='word_1_251' title='bbox 1032 2795 1161 2870; x_wconf 90' lang='lat' dir='ltr'><strong>publicae</strong></span> <span class='ocrx_word' id='word_1_252' title='bbox 1181 2815 1212 2856; x_wconf 86' lang='lat' dir='ltr'><strong>ac</strong></span> 
     </span>
     <span class='ocr_line' id='line_1_30' title="bbox 124 2876 1211 2955; baseline 0.003 -18"><span class='ocrx_word' id='word_1_253' title='bbox 124 2876 280 2937; x_wconf 88' lang='lat' dir='ltr'><strong>deverticuli</strong></span> <span class='ocrx_word' id='word_1_254' title='bbox 308 2877 412 2951; x_wconf 85' lang='lat' dir='ltr'><strong>aliquot</strong></span> <span class='ocrx_word' id='word_1_255' title='bbox 440 2878 604 2943; x_wconf 88' lang='lat' dir='ltr'><strong>confinium,</strong></span> <span class='ocrx_word' id='word_1_256' title='bbox 635 2878 681 2935; x_wconf 91' lang='lat' dir='ltr'><strong>ubi</strong></span> <span class='ocrx_word' id='word_1_257' title='bbox 704 2878 838 2936; x_wconf 88' lang='lat' dir='ltr'><strong>aediculae</strong></span> <span class='ocrx_word' id='word_1_258' title='bbox 861 2891 1053 2938; x_wconf 84' lang='lat' dir='ltr'><strong>consecrantur</strong></span> <span class='ocrx_word' id='word_1_259' title='bbox 1075 2891 1211 2955; x_wconf 84' lang='lat' dir='ltr'><strong>patentes.</strong></span> 
     </span>
     <span class='ocr_line' id='line_1_31' title="bbox 122 2961 1211 3041; baseline 0.006 -23"><span class='ocrx_word' id='word_1_260' title='bbox 122 2962 182 3018; x_wconf 91' lang='lat' dir='ltr'><strong>ideo</strong></span> <span class='ocrx_word' id='word_1_261' title='bbox 205 2970 315 3036; x_wconf 87' lang='lat' dir='ltr'><strong>pertusa</strong></span> <span class='ocrx_word' id='word_1_262' title='bbox 338 2963 371 3017; x_wconf 84' lang='lat' dir='ltr'><strong>ad</strong></span> <span class='ocrx_word' id='word_1_263' title='bbox 396 2962 520 3035; x_wconf 87' lang='lat' dir='ltr'><strong>compita.</strong></span> <span class='ocrx_word' id='word_1_264' title='bbox 565 2963 654 3018; x_wconf 89' lang='lat' dir='ltr'><strong>iubis</strong></span> <span class='ocrx_word' id='word_1_265' title='bbox 677 2961 761 3018; x_wconf 86' lang='lat' dir='ltr'><strong>fracta</strong></span> <span class='ocrx_word' id='word_1_266' title='bbox 783 2964 844 3036; x_wconf 88' lang='lat' dir='ltr'><strong>iuga</strong></span> <span class='ocrx_word' id='word_1_267' title='bbox 867 2962 901 3019; x_wconf 92' lang='lat' dir='ltr'><strong>ab</strong></span> <span class='ocrx_word' id='word_1_268' title='bbox 923 2967 1047 3038; x_wconf 88' lang='lat' dir='ltr'><strong>agricolis</strong></span> <span class='ocrx_word' id='word_1_269' title='bbox 1064 2978 1211 3041; x_wconf 86' lang='lat' dir='ltr'><strong>ponuntur</strong></span> 
     </span>
     <span class='ocr_line' id='line_1_32' title="bbox 122 3046 1210 3123; baseline 0.011 -23"><span class='ocrx_word' id='word_1_270' title='bbox 122 3047 198 3104; x_wconf 85' lang='lat' dir='ltr'><strong>velut</strong></span> <span class='ocrx_word' id='word_1_271' title='bbox 218 3047 321 3104; x_wconf 87' lang='lat' dir='ltr'><strong>emeriti</strong></span> <span class='ocrx_word' id='word_1_272' title='bbox 344 3056 370 3103; x_wconf 89' lang='lat' dir='ltr'><strong>et</strong></span> <span class='ocrx_word' id='word_1_273' title='bbox 392 3046 520 3104; x_wconf 88' lang='lat' dir='ltr'><strong>elaborati</strong></span> <span class='ocrx_word' id='word_1_274' title='bbox 543 3046 633 3120; x_wconf 88' lang='lat' dir='ltr'><strong>operis</strong></span> <span class='ocrx_word' id='word_1_275' title='bbox 659 3046 795 3112; x_wconf 89' lang='lat' dir='ltr'><strong>indicium,</strong></span> <span class='ocrx_word' id='word_1_276' title='bbox 826 3047 881 3104; x_wconf 92' lang='lat' dir='ltr'><strong>sive</strong></span> <span class='ocrx_word' id='word_1_277' title='bbox 903 3051 976 3123; x_wconf 91' lang='lat' dir='ltr'><strong>quod</strong></span> <span class='ocrx_word' id='word_1_278' title='bbox 1000 3068 1080 3108; x_wconf 88' lang='lat' dir='ltr'><strong>omne</strong></span> <span class='ocrx_word' id='word_1_279' title='bbox 1102 3052 1210 3112; x_wconf 86' lang='lat' dir='ltr'><strong>instru-</strong></span> 
     </span>
    </p>
   </div>
   <div class='ocr_carea' id='block_1_4' title="bbox 121 3131 1211 3633">
    <p class='ocr_par' dir='ltr' id='par_1_12' title="bbox 121 3131 1211 3380">
     <span class='ocr_line' id='line_1_33' title="bbox 122 3131 1211 3213; baseline 0.008 -25"><span class='ocrx_word' id='word_1_280' title='bbox 122 3141 242 3190; x_wconf 90' lang='lat' dir='ltr'><strong>mentum</strong></span> <span class='ocrx_word' id='word_1_281' title='bbox 273 3131 424 3188; x_wconf 87' lang='lat' dir='ltr'><strong>existiment</strong></span> <span class='ocrx_word' id='word_1_282' title='bbox 448 3148 563 3188; x_wconf 87' lang='lat' dir='ltr'><strong>sacrrrm.</strong></span> <span class='ocrx_word' id='word_1_283' title='bbox 609 3131 648 3187; x_wconf 91' lang='lat' dir='ltr'><strong>vcl</strong></span> <span class='ocrx_word' id='word_1_284' title='bbox 672 3132 788 3204; x_wconf 87' lang='lat' dir='ltr'><strong>compita</strong></span> <span class='ocrx_word' id='word_1_285' title='bbox 811 3133 951 3199; x_wconf 86' lang='lat' dir='ltr'><strong>dicuntur,</strong></span> <span class='ocrx_word' id='word_1_286' title='bbox 981 3136 1106 3209; x_wconf 91' lang='lat' dir='ltr'><strong>adquae</strong></span> <span class='ocrx_word' id='word_1_287' title='bbox 1129 3139 1211 3213; x_wconf 90' lang='lat' dir='ltr'><strong>plura</strong></span> 
     </span>
     <span class='ocr_line' id='line_1_34' title="bbox 121 3217 1210 3292; baseline 0.007 -19"><span class='ocrx_word' id='word_1_288' title='bbox 121 3218 217 3276; x_wconf 89' lang='lat' dir='ltr'><strong>itinera</strong></span> <span class='ocrx_word' id='word_1_289' title='bbox 240 3226 406 3292; x_wconf 89' lang='lat' dir='ltr'><strong>competunt.</strong></span> <span class='ocrx_word' id='word_1_290' title='bbox 538 3217 577 3275; x_wconf 83' lang='lat'><strong>29</strong></span> <span class='ocrx_word' id='word_1_291' title='bbox 600 3217 698 3273; x_wconf 87' lang='lat' dir='ltr'><strong>seriola</strong></span> <span class='ocrx_word' id='word_1_292' title='bbox 724 3227 764 3273; x_wconf 86' lang='lat' dir='ltr'><strong>est</strong></span> <span class='ocrx_word' id='word_1_293' title='bbox 786 3234 912 3275; x_wconf 92' lang='lat' dir='ltr'><strong>orcarum</strong></span> <span class='ocrx_word' id='word_1_294' title='bbox 935 3221 1001 3276; x_wconf 92' lang='lat' dir='ltr'><strong>ordo</strong></span> <span class='ocrx_word' id='word_1_295' title='bbox 1025 3222 1143 3281; x_wconf 87' lang='lat' dir='ltr'><strong>directus</strong></span> <span class='ocrx_word' id='word_1_296' title='bbox 1167 3225 1210 3283; x_wconf 83' lang='lat' dir='ltr'><strong>vel</strong></span> 
     </span>
     <span class='ocr_line' id='line_1_35' title="bbox 123 3301 1096 3380; baseline 0.005 -22"><span class='ocrx_word' id='word_1_297' title='bbox 123 3320 166 3360; x_wconf 87' lang='lat' dir='ltr'><strong>vas</strong></span> <span class='ocrx_word' id='word_1_298' title='bbox 190 3303 272 3361; x_wconf 82' lang='lat' dir='ltr'><strong>fictile</strong></span> <span class='ocrx_word' id='word_1_299' title='bbox 293 3303 355 3359; x_wconf 86' lang='lat' dir='ltr'><strong>vini.</strong></span> <span class='ocrx_word' id='word_1_300' title='bbox 487 3303 525 3360; x_wconf 84' lang='grc'><strong>30</strong></span> <span class='ocrx_word' id='word_1_301' title='bbox 548 3301 706 3368; x_wconf 84' lang='lat' dir='ltr'><strong>tunicatum,</strong></span> <span class='ocrx_word' id='word_1_302' title='bbox 729 3303 820 3360; x_wconf 76' lang='lat' dir='ltr'><strong>miultis</strong></span> <span class='ocrx_word' id='word_1_303' title='bbox 842 3305 921 3361; x_wconf 90' lang='lat' dir='ltr'><strong>coriis</strong></span> <span class='ocrx_word' id='word_1_304' title='bbox 943 3315 1096 3380; x_wconf 84' lang='lat' dir='ltr'><strong>purgatum.</strong></span> 
     </span>
    </p>

    <p class='ocr_par' dir='ltr' id='par_1_13' title="bbox 122 3387 1210 3633">
     <span class='ocr_line' id='line_1_36' title="bbox 208 3387 1209 3463; baseline 0.005 -16"><span class='ocrx_word' id='word_1_305' title='bbox 208 3392 245 3447; x_wconf 88' lang='grc'><strong>31</strong></span> <span class='ocrx_word' id='word_1_306' title='bbox 271 3389 349 3463; x_wconf 87' lang='lat' dir='ltr'><strong>pueri</strong></span> <span class='ocrx_word' id='word_1_307' title='bbox 377 3387 466 3462; x_wconf 91' lang='lat' dir='ltr'><strong>pultes</strong></span> <span class='ocrx_word' id='word_1_308' title='bbox 488 3396 586 3444; x_wconf 89' lang='lat' dir='ltr'><strong>amant.</strong></span> <span class='ocrx_word' id='word_1_309' title='bbox 674 3390 713 3446; x_wconf 86' lang='lat'><strong>32</strong></span> <span class='ocrx_word' id='word_1_310' title='bbox 736 3388 801 3445; x_wconf 91' lang='lat' dir='ltr'><strong>mira</strong></span> <span class='ocrx_word' id='word_1_311' title='bbox 828 3391 941 3447; x_wconf 85' lang='lat' dir='ltr'><strong>aurosis.</strong></span> <span class='ocrx_word' id='word_1_312' title='bbox 986 3409 1040 3448; x_wconf 94' lang='lat' dir='ltr'><strong>non</strong></span> <span class='ocrx_word' id='word_1_313' title='bbox 1063 3391 1129 3450; x_wconf 89' lang='lat' dir='ltr'><strong>boni</strong></span> <span class='ocrx_word' id='word_1_314' title='bbox 1153 3396 1209 3453; x_wconf 92' lang='lat' dir='ltr'><strong>vini</strong></span> 
     </span>
     <span class='ocr_line' id='line_1_37' title="bbox 122 3473 1210 3555; baseline 0.011 -27"><span class='ocrx_word' id='word_1_315' title='bbox 122 3474 214 3529; x_wconf 88' lang='lat' dir='ltr'><strong>setin</strong></span> <span class='ocrx_word' id='word_1_316' title='bbox 237 3482 313 3531; x_wconf 85' lang='lat' dir='ltr'><strong>aceto</strong></span> <span class='ocrx_word' id='word_1_317' title='bbox 337 3473 483 3530; x_wconf 90' lang='lat' dir='ltr'><strong>morientis.</strong></span> <span class='ocrx_word' id='word_1_318' title='bbox 528 3490 608 3547; x_wconf 87' lang='lat' dir='ltr'><strong>saepe</strong></span> <span class='ocrx_word' id='word_1_319' title='bbox 630 3473 698 3530; x_wconf 87' lang='lat' dir='ltr'><strong>enim</strong></span> <span class='ocrx_word' id='word_1_320' title='bbox 722 3473 842 3532; x_wconf 87' lang='lat' dir='ltr'><strong>videmus</strong></span> <span class='ocrx_word' id='word_1_321' title='bbox 865 3484 896 3531; x_wconf 92' lang='lat' dir='ltr'><strong>ut</strong></span> <span class='ocrx_word' id='word_1_322' title='bbox 918 3486 1094 3535; x_wconf 84' lang='lat' dir='ltr'><strong>evanescente</strong></span> <span class='ocrx_word' id='word_1_323' title='bbox 1109 3495 1210 3555; x_wconf 85' lang='lat' dir='ltr'><strong>sapore</strong></span> 
     </span>
     <span class='ocr_line' id='line_1_38' title="bbox 122 3558 784 3633; baseline 0.002 -19"><span class='ocrx_word' id='word_1_324' title='bbox 122 3567 327 3631; x_wconf 88' lang='lat' dir='ltr'><strong>corrumpatur.</strong></span> <span class='ocrx_word' id='word_1_325' title='bbox 372 3559 447 3631; x_wconf 95' lang='lat' dir='ltr'><strong>quod</strong></span> <span class='ocrx_word' id='word_1_326' title='bbox 469 3558 549 3633; x_wconf 89' lang='lat' dir='ltr'><strong>vulgo</strong></span> <span class='ocrx_word' id='word_1_327' title='bbox 572 3575 657 3632; x_wconf 90' lang='lat' dir='ltr'><strong>vappa</strong></span> <span class='ocrx_word' id='word_1_328' title='bbox 679 3559 784 3617; x_wconf 90' lang='lat' dir='ltr'><strong>dicitur.</strong></span> 
     </span>
    </p>
   </div>
   <div class='ocr_carea' id='block_1_5' title="bbox 119 3718 1209 4061">
    <p class='ocr_par' dir='ltr' id='par_1_14' title="bbox 119 3718 1209 3993">
     <span class='ocr_line' id='line_1_39' title="bbox 210 3718 1206 3791; baseline 0.005 -17"><span class='ocrx_word' id='word_1_329' title='bbox 210 3724 242 3775; x_wconf 78' lang='lat'><strong>25</strong></span> <span class='ocrx_word' id='word_1_330' title='bbox 261 3718 394 3782; x_wconf 77' lang='lat' dir='ltr'><strong>Quaesieri</strong></span> <span class='ocrx_word' id='word_1_331' title='bbox 413 3738 472 3774; x_wconf 82' lang='lat' dir='ltr'><strong>oum</strong></span> <span class='ocrx_word' id='word_1_332' title='bbox 491 3737 503 3774; x_wconf 82' lang='lat' dir='ltr'><strong>s</strong></span> <span class='ocrx_word' id='word_1_333' title='bbox 521 3740 602 3791; x_wconf 75' lang='lat' dir='ltr'><strong>super</strong></span> <span class='ocrx_word' id='word_1_334' title='bbox 620 3724 725 3774; x_wconf 84' lang='lat' dir='ltr'><strong>adiecto</strong></span> <span class='ocrx_word' id='word_1_335' title='bbox 743 3725 767 3774; x_wconf 87' lang='lat' dir='ltr'><em>P</em></span> <span class='ocrx_word' id='word_1_336' title='bbox 783 3721 910 3783; x_wconf 75' lang='lat' dir='ltr'><strong>Onesicrit</strong></span> <span class='ocrx_word' id='word_1_337' title='bbox 929 3731 952 3775; x_wconf 86' lang='grc' dir='ltr'><em>α</em></span> <span class='ocrx_word' id='word_1_338' title='bbox 1057 3727 1206 3783; x_wconf 86' lang='lat' dir='ltr'><strong>uettidiP:</strong></span> 
     </span>
     <span class='ocr_line' id='line_1_40' title="bbox 120 3788 1209 3862; baseline 0.007 -19"><span class='ocrx_word' id='word_1_339' title='bbox 120 3788 227 3843; x_wconf 84' lang='lat' dir='ltr'><strong>ucttidis</strong></span> <span class='ocrx_word' id='word_1_340' title='bbox 243 3806 261 3857; x_wconf 90' lang='lat' dir='ltr'><strong>p</strong></span> <span class='ocrx_word' id='word_1_341' title='bbox 280 3790 369 3842; x_wconf 90' lang='lat' dir='ltr'><strong>uictidi</strong></span> <span class='ocrx_word' id='word_1_342' title='bbox 389 3797 413 3841; x_wconf 85' lang='grc' dir='ltr'>α</span> <span class='ocrx_word' id='word_1_343' title='bbox 500 3794 532 3845; x_wconf 82' lang='lat'><strong>26</strong></span> <span class='ocrx_word' id='word_1_344' title='bbox 551 3793 644 3844; x_wconf 88' lang='lat' dir='ltr'><strong>miluus</strong></span> <span class='ocrx_word' id='word_1_345' title='bbox 669 3797 724 3843; x_wconf 86' lang='lat' dir='ltr'><strong>crat</strong></span> <span class='ocrx_word' id='word_1_346' title='bbox 748 3798 771 3841; x_wconf 88' lang='grc' dir='ltr'><em>α</em></span> <span class='ocrx_word' id='word_1_347' title='bbox 798 3791 891 3842; x_wconf 84' lang='lat' dir='ltr'><strong>miluus</strong></span> <span class='ocrx_word' id='word_1_348' title='bbox 919 3792 1021 3846; x_wconf 91' lang='lat' dir='ltr'><strong>oberret</strong></span> <span class='ocrx_word' id='word_1_349' title='bbox 1038 3795 1160 3862; x_wconf 72' lang='lat' dir='ltr'><strong>florileg·</strong></span> <span class='ocrx_word' id='word_1_350' title='bbox 1149 3814 1209 3851; x_wconf 85' lang='lat' dir='ltr'><strong>mm</strong></span> 
     </span>
     <span class='ocr_line' id='line_1_41' title="bbox 120 3859 1207 3927; baseline 0.008 -16"><span class='ocrx_word' id='word_1_351' title='bbox 120 3859 298 3924; x_wconf 79' lang='lat' dir='ltr'><strong>Frieingoure</strong></span> <span class='ocrx_word' id='word_1_352' title='bbox 315 3862 390 3922; x_wconf 83' lang='lat' dir='ltr'><strong>(mor</strong></span> <span class='ocrx_word' id='word_1_353' title='bbox 409 3861 483 3913; x_wconf 79' lang='grc' dir='ltr'>ιΙιιιι.</span> <span class='ocrx_word' id='word_1_354' title='bbox 501 3862 578 3927; x_wconf 76' lang='lat' dir='ltr'><strong>d3p</strong></span> <span class='ocrx_word' id='word_1_355' title='bbox 596 3860 657 3923; x_wconf 74' lang='lat'><strong>502)</strong></span> <span class='ocrx_word' id='word_1_356' title='bbox 761 3860 949 3911; x_wconf 73' lang='lat' dir='ltr'><strong>teneurunt</strong></span> <span class='ocrx_word' id='word_1_357' title='bbox 1049 3865 1081 3914; x_wconf 87' lang='grc'><strong>30</strong></span> <span class='ocrx_word' id='word_1_358' title='bbox 1100 3866 1207 3920; x_wconf 86' lang='lat' dir='ltr'><strong>mordes</strong></span> 
     </span>
     <span class='ocr_line' id='line_1_42' title="bbox 119 3877 1206 3993; baseline 0.008 -15"><span class='ocrx_word' id='word_1_359' title='bbox 119 3928 189 3993; x_wconf 83' lang='lat' dir='ltr'><strong>Ppr</strong></span> <span class='ocrx_word' id='word_1_360' title='bbox 258 3877 603 3981; x_wconf 84' lang='lat' dir='ltr'><strong>31larmtaP·iariratam</strong></span> <span class='ocrx_word' id='word_1_361' title='bbox 622 3935 646 3978; x_wconf 85' lang='grc' dir='ltr'>α</span> <span class='ocrx_word' id='word_1_362' title='bbox 716 3926 821 3978; x_wconf 84' lang='lat' dir='ltr'><strong>ollaP:</strong></span> <span class='ocrx_word' id='word_1_363' title='bbox 841 3927 917 3980; x_wconf 87' lang='lat' dir='ltr'><strong>ollam</strong></span> <span class='ocrx_word' id='word_1_364' title='bbox 937 3936 961 3980; x_wconf 85' lang='grc' dir='ltr'>α</span> <span class='ocrx_word' id='word_1_365' title='bbox 1042 3933 1074 3982; x_wconf 89' lang='grc'><strong>33</strong></span> <span class='ocrx_word' id='word_1_366' title='bbox 1094 3933 1116 3983; x_wconf 85' lang='grc' dir='ltr'><strong>Α</strong></span> <span class='ocrx_word' id='word_1_367' title='bbox 1136 3935 1159 3986; x_wconf 88' lang='lat' dir='ltr'><strong>si</strong></span> <span class='ocrx_word' id='word_1_368' title='bbox 1179 3944 1206 3987; x_wconf 88' lang='grc' dir='ltr'>α</span> 
     </span>
    </p>

    <p class='ocr_par' dir='ltr' id='par_1_15' title="bbox 205 3994 442 4061">
     <span class='ocr_line' id='line_1_43' title="bbox 205 3994 442 4061; baseline 0.004 -15"><span class='ocrx_word' id='word_1_369' title='bbox 205 3994 283 4061; x_wconf 84' lang='lat' dir='ltr'><strong>frigas</strong></span> <span class='ocrx_word' id='word_1_370' title='bbox 297 4002 321 4047; x_wconf 85' lang='grc' dir='ltr'>α</span> <span class='ocrx_word' id='word_1_371' title='bbox 338 3995 414 4048; x_wconf 87' lang='lat' dir='ltr'><strong>lricas</strong></span> <span class='ocrx_word' id='word_1_372' title='bbox 422 4011 442 4061; x_wconf 86' lang='lat' dir='ltr'><strong>p</strong></span> 
     </span>
    </p>
   </div>
   <div class='ocr_carea' id='block_1_6' title="bbox 0 0 1332 4440">
    <p class='ocr_par' dir='ltr' id='par_1_16' title="bbox 0 0 1332 4440">
     <span class='ocr_line' id='line_1_44' title="bbox 0 0 1332 4440; baseline 0 4"><span class='ocrx_word' id='word_1_373' title='bbox 0 0 1332 4440; x_wconf 95' lang='lat' dir='ltr'><strong> </strong></span> 
     </span>
    </p>
   </div>
  </div>
 </body>
</html>
