2656 4440
504 243 598 296 LIBER
615 245 625 297 Ι
661 242 794 297 suavita
811 244 821 296 l

128 414 262 476 causidici
287 433 362 476 nova
385 433 452 475 curn
474 416 572 476 veniat
593 415 696 477 lectica
720 416 867 478 Mathonis

125 500 208 580 plena
231 501 307 581 ipso,
330 501 501 580 posthunc
524 502 623 579 magui
646 502 759 562 delator
781 502 867 563 amici

126 594 152 646 et
174 586 233 647 cito
256 594 397 665 rapturus
419 586 455 646 de
478 585 631 647 nobilitate
655 605 772 648 comesa

125 670 201 749 quod
225 680 372 750 superest,
396 689 484 750 quem
507 671 601 733 Massa
623 672 714 746 timet,
739 690 827 750 quem
850 690 975 734 munere
998 674 1097 753 palpat
1165 683 1193 735 35

125 755 214 818 Carus
237 765 267 818 et
290 775 305 817 a
327 756 444 836 trepido
468 756 608 837 Thymele
631 758 784 818 summissa
806 755 935 818 Latino?

124 860 188 902 cum
211 850 241 902 te
264 851 470 903 summoveant
492 842 541 920 qui
564 851 740 904 testamenta
762 853 917 903 merentur

124 926 272 1001 noctibus,
295 928 325 989 in
349 926 464 988 caelum
487 945 563 1005 quos
585 928 682 988 evehit
704 927 814 1006 optima
837 929 944 989 summi

123 1030 205 1072 nunc
227 1013 273 1073 via
294 1030 462 1093 processus,
483 1012 598 1072 vetulae
620 1013 714 1073 vesica
738 1011 864 1073 beatae?

122 1097 272 1158 unciolam
294 1097 468 1159 Proculeius
488 1096 587 1170 habet,
610 1097 662 1158 sed
685 1097 761 1158 Gillo
784 1098 940 1172 deuncem,
1166 1108 1197 1158 40

123 1192 221 1262 partes
243 1183 369 1262 quisque
391 1201 460 1244 suas
482 1182 518 1242 ad
541 1200 711 1244 mensuram
734 1183 865 1259 inguinis
887 1183 983 1244 heres.

123 1268 248 1348 accipiat
269 1285 340 1329 sane
363 1269 531 1328 mercedem
554 1268 709 1348 sanguinis
731 1276 760 1328 et
783 1269 825 1328 sic

122 1354 239 1433 palleat,
262 1361 296 1413 ut
317 1352 404 1414 nudis
427 1353 535 1433 pressit
558 1354 607 1430 qui
631 1352 762 1413 calcibus
784 1371 921 1431 anguem,

123 1449 172 1500 aut
194 1437 448 1518 Lugudunensem
470 1437 575 1498 rhetor
595 1439 729 1499 dicturus
751 1438 786 1498 ad
810 1456 899 1498 aram.

123 1522 193 1603 quid
216 1523 344 1584 aeleram
366 1531 477 1602 quanta
499 1523 611 1584 siccum
634 1523 716 1584 iecur
738 1524 838 1584 ardeat
860 1523 911 1594 ira,
1166 1533 1196 1582 45

123 1627 190 1670 cum
213 1609 359 1688 populum
380 1609 522 1688 gregibus
544 1609 685 1669 comitum
708 1608 817 1688 premit
837 1608 886 1668 hic
909 1608 1052 1686 spoliator

122 1693 227 1773 pupilli
250 1695 412 1772 prostantis
435 1703 464 1755 et
485 1693 534 1754 hic
557 1693 712 1754 damnatus
734 1694 817 1754 inani

122 1777 255 1840 iudicio?
277 1779 346 1858 quid
371 1779 451 1840 enim
475 1778 561 1840 salvis
583 1779 703 1840 infamia
726 1776 876 1839 nummis?

123 1864 190 1925 exul
212 1864 249 1925 ab
273 1873 373 1925 octava
396 1864 505 1925 Marius
527 1863 602 1924 bibit
624 1873 653 1925 et
675 1864 784 1924 fruitur
807 1865 851 1924 dis

122 1949 212 2023 iratis,
236 1958 266 2010 at
286 1958 320 2009 tu
341 1950 446 2010 victrix
468 1949 620 2028 provincia
643 1950 752 2029 ploras.
1168 1958 1198 2007 tu

208 2106 248 2164 33
272 2104 446 2162 Heliodorum
468 2105 601 2178 significat
622 2104 768 2162 delatorem
790 2105 831 2162 vel
854 2113 959 2161 ceteros
982 2103 1123 2162 delatores.
1160 2104 1199 2160 sic

123 2189 159 2246 illi
180 2198 285 2265 partem
307 2190 446 2247 maximam
467 2192 697 2265 proscripserunt,
720 2207 752 2246 ex
767 2207 883 2264 querum
898 2188 977 2246 bonis
993 2189 1076 2246 multa
1092 2190 1199 2264 diripu-

123 2285 211 2333 erunt.
331 2275 503 2333 Heliodorum
527 2276 591 2332 dicit
611 2275 726 2332 stoicum
748 2276 948 2350 philosophum,
972 2275 1018 2348 qui
1039 2275 1070 2331 L.
1094 2275 1198 2331 lunium

123 2361 242 2418 Silanum
264 2361 424 2434 discipulum
447 2378 527 2417 suum
549 2378 610 2417 cum
632 2369 791 2434 argueretur
819 2360 1026 2422 coniurationis,
1056 2359 1199 2416 infitiatum

123 2447 296 2504 domesticam
318 2446 479 2503 delationem
500 2446 578 2503 etiam
600 2446 753 2503 testimonio
776 2445 920 2520 oppressit.
942 2444 985 2500 alii
1006 2443 1200 2518 philosophum

122 2532 226 2588 Traiani
249 2532 350 2596 dicunt,
374 2533 420 2605 qui
441 2532 550 2588 barcam
571 2541 723 2587 senatorem
746 2530 842 2587 detulit
863 2540 890 2586 et
911 2529 1052 2585 damnavit.
1076 2530 1200 2587 nonnulli

121 2617 284 2674 Demetrium
306 2617 469 2673 causidicum
491 2617 594 2681 dicunt,
618 2618 665 2690 qui
686 2615 787 2672 multos
809 2615 910 2672 Neroni
932 2613 1037 2671 detulit.

122 2702 255 2760 Soranum
278 2704 386 2759 barcam
409 2702 484 2758 Celer
506 2701 684 2777 philosophus
706 2702 832 2775 magister
859 2699 942 2775 ipsius
972 2699 1044 2773 apud
1065 2699 1200 2757 Neronem

122 2787 223 2845 scelere
244 2787 384 2845 delationis
406 2788 514 2859 occidit,
537 2796 565 2844 et
585 2787 642 2860 ipse
663 2797 758 2860 postea
778 2786 829 2844 sub
853 2784 1016 2860 Vespasiano
1039 2785 1091 2842 hoo
1112 2785 1200 2860 ipsum

122 2873 246 2930 llusonio
269 2872 339 2929 llulo
362 2880 506 2930 accusante
529 2873 668 2929 damnatus
690 2881 741 2930 est.
840 2875 878 2931 35
902 2871 987 2927 liassa
1009 2871 1095 2928 morio
1117 2870 1200 2929 luisse

123 2957 235 3024 dicitur,
266 2967 294 3015 et
322 2958 405 3015 Carus
427 2975 528 3023 nanus,
559 2960 669 3014 Latinus
696 2975 760 3015 vero
789 2966 865 3014 actor
893 2957 1023 3014 mimicus.
1052 2958 1080 3013 hi
1107 2975 1200 3015 omnes

122 3042 236 3100 Neronis
257 3043 369 3100 luerunt
389 3043 479 3101 liberti
502 3053 530 3100 et
551 3043 661 3101 deliciae
684 3045 816 3116 Augusti,
848 3043 896 3099 sed
918 3051 946 3099 ct
972 3043 1127 3117 nequissimi
1149 3044 1200 3100 de-

121 3127 230 3186 latores.
259 3127 369 3191 Latinus
390 3138 480 3186 autem
509 3129 604 3185 mimus
633 3130 708 3202 quasi
736 3129 860 3185 conscius
889 3127 1013 3185 adulterii
1035 3127 1199 3195 Messalinae,

122 3214 200 3270 uxori
214 3214 337 3279 Neronis,
361 3215 394 3270 ab
416 3215 475 3289 ipso
499 3214 603 3271 occisus
626 3222 675 3270 est.
698 3213 783 3269 llassa
804 3220 892 3269 autem
914 3221 941 3269 et
957 3212 1038 3268 Carus
1053 3211 1199 3270 lleliodoro

124 3299 263 3357 deferente
284 3299 366 3356 occisi
394 3307 468 3356 sunt.
496 3301 572 3357 cuius
599 3299 718 3356 suturam
741 3297 902 3355 delationem
923 3298 958 3352 ita
981 3296 1146 3362 metuebant,
1169 3307 1201 3356 ut

125 3385 147 3440 ei
169 3401 281 3442 munera
304 3386 408 3442 darent.
432 3402 491 3441 uam
513 3385 622 3441 Latinus
644 3385 741 3440 mimus
759 3382 904 3457 'lhymelcu
919 3381 1025 3437 mimam
1047 3383 1200 3440 summitte·

122 3467 169 3525 bat
190 3470 225 3526 ad
245 3471 431 3545 mitigandum.
518 3473 557 3529 43
582 3470 661 3525 nimia
684 3469 771 3526 coitus
792 3467 901 3524 libidine
921 3465 1058 3540 fatigatus,
1082 3478 1129 3524 aut
1151 3485 1200 3525 er-

122 3555 275 3628 pectatioue
296 3554 459 3618 hereditatis.
482 3565 529 3612 aut
549 3561 623 3610 metu
644 3554 777 3611 adulterii.
928 3555 965 3609 47
990 3568 1046 3607 non
1068 3553 1201 3628 ademptis

122 3637 212 3698 bonis.
235 3641 269 3700 de
291 3658 323 3699 eo
345 3641 387 3698 ius
410 3640 507 3698 dicitur
527 3641 585 3696 sine
600 3640 687 3697 litium
702 3640 895 3697 aestimatione.
982 3639 1022 3696 49
1039 3638 1086 3712 qui
1099 3638 1199 3696 iudicio

122 3717 260 3791 vacabant,
284 3727 385 3783 decima
406 3725 474 3782 hora
496 3723 637 3783 conabant.
659 3725 703 3782 hic
725 3725 796 3782 euim
817 3724 850 3780 ab
873 3732 973 3780 octava.

209 3877 242 3928 36
260 3889 311 3942 que
328 3887 433 3925 munere
451 3874 482 3925 P:
501 3876 554 3941 que'
572 3889 641 3926 corr.
658 3888 677 3938 p
747 3872 836 3940 palpat
854 3887 905 3923 om.
923 3871 1021 3924 Padd.
1040 3872 1120 3937 longo
1139 3887 1200 3923 ucr-

123 3945 200 4009 auc'p
254 3944 287 3996 38
304 3941 561 4008 NuntibiPcorr.p
614 3944 648 3993 44
666 3939 869 4006 lugeduncnsem
887 3957 964 3992 crasa
983 3941 1043 3991 uP
1108 3940 1200 3993 ansit-

124 4024 182 4062 cum
199 4016 249 4063 aut
265 4025 355 4064 aucum
373 4011 440 4076 Ppr.
544 4013 575 4063 47
595 4009 825 4077 prostrantistr.
907 4013 933 4060 et
944 4010 976 4060 P:
995 4011 1021 4060 at
1032 4023 1198 4077 supersenp

174 4102 265 4148 ditm
978 4095 993 4143 5
