2656 4440
205 273 262 326 XVI
679 274 866 329 suessano

205 463 271 508 mus
293 456 357 508 erat
378 447 541 527 glossarum
561 466 596 510 ac
611 449 792 511 scholiorum
808 450 902 530 copiis
917 450 1020 523 codex,
1043 450 1203 528 exquibus
1219 449 1243 512 S
1257 461 1286 514 et

206 548 322 610 Probus
337 549 434 611 Vallae
456 558 485 611 et
506 568 595 630 quem
618 552 814 614 recentissimi
836 563 944 614 vocant
958 551 1108 615 Cornutus
1120 565 1283 617 manarunt

206 669 309 713 omnes
340 661 529 715 exarescente
558 654 697 732 paulatim
727 655 834 716 veteris
864 655 1007 717 ubertatis
1042 666 1283 735 superarguente

206 753 376 816 barbaricae
407 755 586 835 garrulitatis
612 757 746 818 llnmine.
768 776 805 819 ex
827 758 877 819 illo
901 757 927 819 P
945 758 1140 838 transcriptus
1163 769 1208 820 est
1229 777 1282 838 op·

205 857 286 930 nme,
316 877 352 919 ex
374 858 478 918 eodem
496 858 626 921 alterum
649 879 710 920 non
734 860 899 921 carminum
921 861 973 923 sed
995 860 1133 922 vitiorum
1158 879 1284 922 numero

205 959 320 1023 auctius
341 961 491 1041 exemplar
513 961 584 1023 illud
608 963 687 1042 quod
705 982 756 1042 pur
778 971 938 1037 secuntur,
961 964 1041 1043 quod
1063 963 1099 1024 ad
1122 963 1284 1026 emendan-

205 1063 275 1124 dum
300 1061 326 1123 P
345 1082 413 1124 oum
436 1063 505 1125 olim
529 1065 585 1125 luit
600 1065 666 1126 usui
682 1099 723 1111 -
739 1075 799 1126 tres
814 1073 911 1127 eutem
928 1065 1081 1127 minimum
1098 1075 1283 1127 correctores

206 1166 323 1246 scriptis
345 1184 362 1226 a
385 1165 411 1226 P
430 1167 537 1228 saturis
560 1185 681 1247 operum
698 1167 902 1248 praebuerunt
916 1187 998 1231 nono
1014 1168 1132 1231 saeculo
1147 1187 1182 1229 ac
1197 1168 1281 1229 dein-

206 1285 286 1346 ceps
309 1278 438 1346 suntque
461 1287 537 1347 quae
555 1269 642 1335 nullo
664 1269 753 1330 modo
777 1270 928 1331 discernas
950 1277 1050 1331 utrum
1065 1269 1205 1350 princeps
1220 1270 1283 1349 ipse

205 1389 242 1431 an
266 1370 415 1432 secundus
437 1371 533 1432 scriba
554 1372 690 1446 mutarit,
720 1373 830 1433 nedum
853 1381 962 1451 quotus
984 1380 1135 1433 corrector
1155 1407 1198 1418 -—
1219 1380 1282 1433 tum

205 1472 292 1534 nobis
323 1473 411 1551 plane
442 1475 642 1535 necessarium
671 1484 724 1536 est.
749 1474 891 1554 plurimos
913 1474 1059 1537 luvenalis
1081 1475 1198 1536 codices
1219 1475 1283 1555 ipse

206 1575 383 1654 perlustravi
406 1585 457 1635 aut
479 1575 515 1636 ab
537 1576 600 1638 aliis
622 1577 660 1638 ita
684 1576 849 1655 descriptos
869 1578 971 1656 accepi
993 1588 1026 1638 ul
1047 1585 1178 1657 potestas
1200 1578 1284 1638 lieret

206 1677 371 1749 iudicandi,
402 1678 557 1739 sufficiunt
589 1679 724 1758 exemplo
755 1697 882 1756 quorum
911 1679 1054 1740 lectiones
1083 1678 1147 1740 Gar.
1176 1678 1283 1740 Hosius

206 1780 325 1858 collegit
346 1780 377 1841 in
401 1791 544 1860 apparatu
566 1781 669 1841 critico
692 1781 827 1858 (bonnae
852 1782 945 1857 1888)
968 1781 1049 1842 etin
1072 1799 1174 1842 museo
1196 1781 1281 1841 rben.

206 1880 295 1942 XLVI
312 1900 341 1961 p.
359 1883 618 1955 assuefaciant,
641 1901 769 1961 cumque
792 1883 870 1961 quod
893 1884 983 1944 irater
1006 1882 1159 1943 Pithoeani
1180 1882 1285 1943 babuit

207 1985 355 2063 peculium
379 1985 406 2045 id
431 1985 593 2046 Pithoeano
613 2003 709 2063 paene
731 1993 825 2046 totum
847 1985 987 2047 indidisse
1001 1993 1188 2046 correctores
1203 1985 1282 2046 vide-

206 2105 279 2160 rem,
303 2086 339 2147 de
362 2087 389 2148 P
409 2099 437 2149 et
455 2107 477 2168 p
500 2087 656 2166 diligenter
672 2086 781 2160 rettuli,
804 2099 918 2149 ceteros
934 2087 1018 2149 omisi
1035 2089 1092 2149 nisi
1108 2087 1159 2148 ubi
1174 2089 1282 2148 horum

206 2188 321 2249 adiecta
342 2189 483 2251 memoria
506 2189 647 2250 declarari
670 2209 758 2268 posse
781 2199 831 2250 aut
853 2190 995 2269 compleri
1015 2189 1152 2268 putabam
1169 2201 1282 2251 satura-

206 2309 273 2353 rum
310 2311 326 2352 a
354 2291 463 2353 Nicaeo
497 2293 533 2352 ad
562 2291 712 2353 Heiricnm
746 2292 907 2354 historiam.
938 2302 1069 2353 ceterum
1104 2292 1160 2352 nisi
1189 2311 1281 2352 novae

206 2396 324 2455 chartae
347 2394 532 2467 emerserint,
555 2395 636 2456 bunc
658 2395 797 2456 dilectum
821 2395 955 2456 codicum
977 2395 1012 2456 ad
1036 2393 1170 2455 Persium
1189 2404 1218 2454 et
1232 2393 1281 2454 lu-

205 2496 339 2559 venalem
367 2496 511 2559 tantidem
542 2515 607 2559 esse
636 2497 764 2559 arbitror
792 2498 873 2576 qnasi
897 2498 993 2558 omnis
1014 2497 1147 2557 omnium
1171 2496 1281 2557 discre-

206 2601 305 2681 pantia
327 2600 365 2662 sit
388 2600 533 2661 adnotata.

204 2762 207 2766 .
292 2703 326 2763 ad
354 2702 464 2764 scholia
494 2702 586 2764 Persii
615 2701 734 2763 adhibui
768 2702 882 2762 libellos
911 2702 1028 2763 interim
1057 2704 1150 2764 editos
1178 2703 1214 2762 ab
1248 2701 1280 2760 ll.

208 2804 315 2864 liureio
339 2804 505 2882 (Burgdorfi
524 2804 724 2864 Helvetiorum
742 2805 822 2867 1888
839 2815 868 2863 et
884 2804 989 2878 1889).
1027 2804 1173 2865 luvenalis
1194 2805 1281 2864 scho-

207 2905 314 2966 liorum
343 2905 455 2982 aliquot
484 2904 704 2964 emendationes
730 2915 865 2982 acceptas
888 2906 983 2964 refero
1008 2904 1152 2965 Guilelmo
1176 2903 1281 2964 Schulz

208 3007 346 3083 (Hermae
368 3005 457 3066 XXIV
481 3025 510 3084 p.
534 3006 617 3080 481).
662 3005 815 3082 utriusque
843 3014 948 3084 poetae
969 3023 1079 3084 corpus
1101 3004 1281 3066 scholiorum

208 3110 315 3171 idonea
338 3109 543 3188 complexione
565 3108 734 3170 absolutum
755 3109 851 3168 adhuc
873 3107 1065 3169 desideratur.
1095 3116 1208 3168 ceteros
1230 3108 1280 3186 qui

207 3212 243 3273 ad
275 3220 389 3273 saturas
418 3211 471 3270 has
498 3220 635 3290 spectant
663 3209 755 3272 libros
782 3229 816 3270 ac
837 3208 954 3270 libellos
976 3208 1049 3270 Lud.
1074 3209 1281 3270 Friedlaender

209 3333 306 3394 nuper
341 3314 512 3394 percensuit
542 3314 583 3388 (in
614 3313 772 3375 annalibus
799 3332 815 3373 a
844 3312 990 3374 Bursiano
1026 3313 1168 3374 institutis
1199 3314 1280 3376 1892

208 3416 312 3477 LXXll
335 3436 364 3497 p.
389 3418 449 3479 166
472 3416 532 3493 ss),
555 3415 662 3495 quibus
684 3424 717 3476 ut
738 3414 827 3476 debui
849 3433 920 3476 usus
941 3433 1008 3476 sum
1030 3424 1080 3475 aut
1101 3422 1134 3475 ut
1155 3414 1247 3494 potui.

294 3518 398 3580 dabam
421 3519 543 3579 bonnae
565 3536 667 3580 mense
690 3517 794 3579 llurtio
816 3536 842 3578 a.
868 3519 959 3584 1893.
