2656 4440
566 245 699 299 SATVRA
715 246 747 299 lll

120 427 275 481 stemmate
298 420 377 498 quod
399 419 497 481 Tusco
519 438 634 481 ramum
656 420 809 482 millesime
831 421 923 495 ducis,

122 523 314 565 censoremve
337 513 421 565 tuum
444 505 489 566 vel
511 504 589 583 quod
612 506 744 566 trabeate
766 505 896 568 salutas?

122 591 160 650 ad
182 590 327 669 populum
349 590 493 668 phaleras,
516 609 572 669 ego
595 598 624 651 te
646 592 727 652 intus
749 599 779 653 et
800 591 831 651 in
854 601 923 653 cute
945 593 1023 654 novi.
1169 605 1199 657 tt)

122 694 185 735 non
209 676 301 755 pudet
322 676 358 735 ad
381 694 495 735 morem
516 675 651 737 discincti
673 676 769 736 vivere
791 677 902 737 Nattae.

122 761 174 821 sed
197 769 296 839 stupet
317 760 366 820 hic
388 760 458 821 vitio
481 769 510 821 et
531 761 614 822 libris
636 761 760 822 increvit
782 762 913 841 opimum

121 847 244 926 pingue,
267 854 348 906 caret
369 846 467 924 culpa,
490 846 587 930 noscit
608 847 678 924 quid
700 848 813 925 perdat,
837 856 866 908 et
888 847 945 908 alto

122 932 276 992 demersus
297 949 410 991 summa
433 948 537 993 rursus
558 950 621 993 non
644 931 730 993 bullit
751 932 781 993 in
804 933 893 993 unda.

122 1035 229 1095 magne
252 1026 336 1094 pater
357 1015 464 1090 divum,
487 1035 588 1078 saevos
610 1018 718 1096 punire
740 1028 882 1096 tyrannos

123 1103 194 1162 bant
216 1101 269 1162 alia
292 1101 407 1162 ratione
429 1100 510 1173 velis,
533 1121 602 1163 cum
625 1103 688 1163 dira
710 1102 800 1163 libido

121 1187 249 1247 moverit
269 1186 422 1264 ingenium
445 1188 570 1248 ferventi
591 1187 683 1248 tincta
706 1206 835 1248 veneno:

119 1273 260 1333 virtutem
283 1272 400 1332 videant
422 1272 665 1351 intabescantque
688 1272 798 1333 relicta.

122 1377 203 1418 anne
225 1357 316 1435 magis
339 1357 431 1417 Siculi
453 1368 632 1436 gemuerunt
654 1376 720 1418 aera
741 1357 857 1418 iuvenci

211 1513 249 1570 tt
275 1529 308 1568 aa
332 1520 441 1586 oportet
462 1520 489 1569 te
511 1514 662 1586 arrogantia
683 1511 804 1569 inflatum
825 1512 947 1585 dissilire,
971 1513 1045 1587 quod
1068 1513 1096 1569 in
1111 1511 1199 1588 aliquo

123 1596 210 1655 nobili
234 1598 321 1654 l'usco
353 1607 493 1654 stemmate
514 1597 670 1654 millesimus
697 1615 713 1654 a
739 1615 837 1671 magno
867 1608 977 1655 auctore
1004 1598 1152 1655 numereris
1174 1607 1202 1655 at

121 1699 228 1740 ramum
253 1682 367 1756 aliquem
391 1699 422 1739 ao
443 1683 541 1739 lineam
563 1684 638 1757 quasi
660 1684 837 1740 successionis
859 1692 874 1739 a·
896 1683 1043 1757 genealogo
1065 1683 1093 1739 in
1115 1692 1200 1740 stem-

121 1776 194 1825 mate
218 1778 329 1825 notatus
352 1765 494 1824 obtineas?
529 1769 568 1824 vol
592 1769 667 1842 quod
688 1770 717 1824 in
739 1770 861 1842 equitum
875 1769 1057 1825 Romanorum
1072 1768 1201 1841 recogni-

121 1854 195 1909 tione
212 1853 289 1909 donis
303 1852 460 1910 militaribus
474 1853 585 1926 insignis
601 1870 740 1910 censorem
759 1864 836 1910 tuum
850 1851 971 1911 salutes?
994 1854 1113 1927 cognitio
1129 1854 1198 1910 enim

120 1939 243 2012 equitum
253 1939 435 1995 Romanorum
448 1938 605 1995 censoribus
617 1948 674 1996 erat
688 1939 817 2002 subiecta,
834 1957 902 2014 quae
916 1956 992 1997 nnnc
1006 1938 1149 1997 consulum
1160 1948 1201 1996 est

121 2023 213 2080 officii.
301 2025 337 2081 31
358 2023 517 2080 discinctum
540 2023 604 2080 dicit
626 2024 805 2123 negligentem
818 2038 844 2082 et
860 2025 1005 2099 porditum,
1029 2034 1060 2080 ut
1075 2023 1199 2080 lloratius

121 2109 215 2183 [epod
234 2111 261 2180 l,
278 2107 329 2182 34]
349 2098 688 2204 ‘discinctusautperdam
706 2096 820 2184 nepos’.
855 2110 896 2166 vel
913 2111 1071 2167 discinctum
1087 2109 1199 2166 obesum

121 2203 149 2251 et
160 2203 325 2252 ventuosam
336 2194 449 2257 luxuria
472 2197 521 2268 qui
540 2211 609 2268 cingr
621 2212 675 2250 non
688 2197 784 2269 possit
817 2213 877 2251 nam
893 2195 928 2251 ob
939 2195 1129 2270 pinguedinem
1144 2195 1201 2251 cal-

121 2279 203 2336 luisse
219 2279 292 2336 huno
306 2280 411 2337 Nattam
423 2280 536 2336 induxit
565 2281 640 2355 quod
654 2289 745 2354 potest
759 2280 791 2336 ala
809 2281 918 2337 lloratio
934 2281 1018 2337 videri
1034 2280 1201 2352 translatum,

121 2381 169 2438 qur
180 2365 217 2422 art
233 2362 298 2461 [sat.
313 2368 340 2436 l,
354 2368 383 2436 6,
399 2354 587 2438 1231‘ungor
602 2364 671 2421 cluo
684 2382 738 2438 quo
749 2382 805 2421 non
818 2365 945 2421 fraudatis
960 2365 1113 2422 immundus
1124 2365 1202 2421 Natta

122 2436 271 2506 lucernis'.
351 2450 424 2523 apud
446 2459 591 2524 utrumque
613 2450 690 2506 Natta
712 2466 810 2505 nomen
833 2450 925 2506 fiotum
948 2458 999 2506 est.
1043 2448 1086 2505 alii
1108 2450 1201 2506 dicunt

124 2535 177 2590 Nat
166 2542 232 2590 ttam
255 2532 337 2590 luisse
360 2534 493 2607 quendam
516 2535 698 2597 luxuriosum,
730 2534 777 2608 qui
798 2533 986 2608 patrimonium
1009 2550 1088 2590 suum
1109 2534 1202 2608 perdi·

125 2619 196 2676 derit
217 2627 244 2674 et
273 2617 439 2674 nobilitatem
467 2618 535 2675 male
562 2619 675 2675 virendo
704 2619 894 2691 exturpaverit.
1002 2621 1040 2677 33
1065 2619 1201 2691 pinguedo

124 2704 196 2761 enim
219 2720 274 2759 non
297 2711 338 2759 est
358 2703 478 2762 latinum.
566 2705 605 2762 34
628 2704 706 2761 sicuti
729 2719 798 2778 quos
814 2719 912 2777 vorago
934 2720 1048 2760 caenosa
1063 2702 1200 2768 absorbet,

123 2806 179 2844 non
202 2789 328 2844 remissos
350 2789 377 2844 in
400 2788 483 2844 altum
505 2789 637 2846 undarum
660 2788 740 2847 iacies
763 2788 865 2853 ebullit,
889 2789 923 2844 ita
941 2790 991 2845 bos
1007 2805 1117 2863 quoque
1133 2806 1202 2863 quos

125 2873 282 2946 magnitudo
313 2874 453 2930 criminum
480 2874 585 2939 mersit,
618 2891 728 2932 neeesse
757 2882 799 2931 est
826 2874 952 2931 vitiorum
979 2874 1050 2931 mole
1078 2885 1202 2948 gravatos

126 2960 231 3016 nescire
254 2960 389 3033 quomodo
413 2960 537 3016 virtutem
558 2970 706 3034 agnoscant
726 2960 769 3017 vel
784 2977 836 3034 qua
852 2969 910 3016 arte
924 2960 1071 3017 sceleribus
1086 2971 1203 3018 careant.

214 3045 252 3103 37
276 3061 350 3101 nunc
372 3045 452 3100 animi
474 3062 607 3102 venenum
629 3047 674 3103 ait.
710 3046 771 3102 ideo
785 3045 907 3103 lerventi.
930 3046 1087 3120 metaphora
1102 3064 1116 3102 a
1131 3046 1201 3110 lana,

128 3146 199 3203 quae
220 3138 347 3204 corrupta
370 3131 402 3186 ad
425 3130 567 3204 pristinum
589 3131 707 3187 colorem
728 3131 828 3188 reverti
849 3148 904 3187 non
925 3139 1026 3204 potest.
1106 3133 1145 3190 39
1169 3148 1202 3186 an

127 3215 226 3271 maiora
248 3224 382 3271 tormenta
404 3216 474 3289 passi
496 3225 561 3273 sunt
582 3217 600 3272 ii
622 3233 692 3290 quos
713 3216 832 3273 Phalaris
847 3216 1084 3289 Agrigentinorum
1107 3223 1202 3289 tyran-

126 3316 177 3356 nus
207 3309 284 3357 tauro
306 3317 389 3356 aeneo
413 3300 557 3374 torquebat
579 3301 707 3365 inclusos,
731 3309 778 3357 aut
800 3303 906 3375 gravior
928 3300 1081 3357 sollicitudo
1102 3300 1201 3356 Demo-

126 3395 218 3442 craten
240 3385 429 3459 philosophum
452 3387 541 3448 torsit,
565 3402 645 3459 quem
661 3385 802 3460 Dionysius
824 3395 953 3460 tyrannus
977 3402 1044 3458 opes
1065 3394 1092 3441 et
1114 3383 1202 3441 lelioi·

126 3478 207 3528 tatem
228 3472 369 3528 mirantem
386 3471 505 3528 invitavit
519 3472 550 3526 ad
567 3488 660 3528 cenam
675 3471 853 3545 appositaque
868 3480 996 3544 apparatu
1011 3469 1084 3525 omni
1099 3469 1201 3543 magnis

126 3554 212 3628 epulis
235 3557 288 3612 lrui
311 3555 402 3619 iussit,
433 3556 481 3612 sed
509 3556 545 3611 ita
575 3567 605 3612 ut
626 3556 732 3631 gladius
753 3555 850 3630 ligatus
876 3563 947 3612 saeta
976 3571 1008 3610 ex
1033 3554 1202 3628 laquearibus

126 3657 210 3714 snpra
232 3643 348 3697 cervices
371 3642 427 3697 eius
450 3641 595 3714 penderet,
626 3658 707 3714 quam
730 3649 893 3715 torqueatur
914 3639 1067 3696 huiusmodi
1096 3641 1201 3714 cogita-

212 3805 245 3856 28
268 3803 307 3855 ius
333 3819 462 3856 eoramum
489 3804 533 3856 ille
557 3805 621 3856 sime
645 3807 709 3872 Ppr.
797 3807 828 3857 29
853 3803 1023 3856 Censoremue
1046 3806 1070 3855 P
1091 3805 1202 3857 Seruius

125 3871 493 3925 Aen.111382Prisoiunua
518 3888 543 3938 p.
562 3872 614 3925 208
635 3878 662 3923 ot
683 3874 749 3926 211:
778 3873 967 3938 [lentoremque
991 3879 1023 3924 α.
1064 3873 1109 3923 uel
1131 3873 1203 3938 quod

125 3956 221 3992 censor
240 3942 289 3990 ttae·
307 3945 437 4005 cognatus
455 3945 493 3990 eat
510 3942 555 3991 uel
571 3942 643 4005 quod
660 3945 716 4007 ipro
738 3958 765 3991 es
788 3957 866 4006 aquea
882 3939 913 3993 lt.
1000 3943 1030 3993 31
1051 3941 1159 3993 districti
1177 3948 1201 3992 ot

214 4009 247 4059 34
265 4011 401 4072 rursum&
470 4011 500 4061 at
520 4007 636 4060 blouerat
655 4016 678 4060 α
