2656 4440
492 232 613 286 LIBERI
648 231 782 286 SATVRA
799 234 830 285 lll
1154 234 1194 293 89

127 415 157 466 tu
180 404 294 479 nescis;
318 423 388 466 nam
410 405 435 466 si
456 405 597 484 gradibus
619 406 785 484 trepidatur
807 406 843 466 ab
866 407 942 480 imis,
1153 419 1196 468 200

126 489 243 552 ultimus
267 490 383 552 ardebit
405 508 493 569 quem
517 492 614 569 tegula
636 493 698 552 sola
721 501 821 552 tuetur

124 593 138 636 a
159 575 267 654 pluvia,
291 576 395 636 molles
418 576 469 636 ubi
491 576 620 637 reddunt
642 596 694 636 ova
717 577 880 637 columbae.

124 660 214 723 lectus
238 669 301 721 erat
324 660 420 722 Codro
443 661 568 722 Procula
591 662 699 735 minor,
723 662 835 722 urceoli
857 681 908 722 sex

125 756 334 807 ornamentum
356 746 439 807 abaci
462 765 517 808 nec
541 767 603 807 non
627 757 656 808 et
677 747 817 827 parvulus
839 747 917 807 infra

125 832 294 906 cantharus,
317 842 347 893 et
368 829 516 893 recubans
538 833 593 893 sub
617 833 720 892 eodem
744 851 892 893 marmore
915 832 1003 894 Chiro
1153 844 1196 894 205

124 915 241 995 iamque
263 925 347 978 vetus
368 935 493 995 graecos
514 918 648 978 servabat
669 918 742 979 cista
764 917 889 990 libellos,

125 1013 152 1061 et
175 1001 274 1062 divina
297 1001 375 1082 opici
397 1002 544 1063 rodebant
565 1003 694 1063 carmina
718 1021 828 1063 mures.

124 1087 165 1147 nil
187 1087 293 1147 babuit
313 1087 436 1161 Codrus,
460 1088 527 1166 quis
550 1087 630 1148 enim
653 1086 763 1166 negat?
786 1098 816 1148 et
836 1099 934 1148 tamen
957 1088 1028 1148 illud

123 1172 252 1250 perdidit
273 1171 376 1233 infelix
399 1181 494 1233 totum
519 1172 600 1232 nihil.
644 1173 766 1234 ultimus
788 1183 886 1233 autem

123 1275 285 1318 aerumnae
307 1269 351 1319 est
374 1258 521 1330 cumulus,
544 1258 622 1335 qnod
648 1260 760 1319 nudum
784 1268 814 1318 et
835 1260 927 1334 lrusta
950 1268 1105 1337 rogantem
1155 1269 1197 1319 210

124 1361 212 1407 nemo
236 1342 313 1416 cibo,
336 1361 423 1403 nemo
447 1343 575 1422 bospitio
599 1353 737 1422 tectoque
760 1344 879 1404 iuvabit.

124 1428 147 1489 si
169 1445 278 1506 magna
300 1428 428 1490 Asturici
451 1428 557 1489 cecidit
579 1429 693 1501 domus,
717 1429 835 1488 horrida
858 1439 962 1503 mater,

124 1513 227 1592 pullati
250 1530 399 1592 proceres,
423 1513 522 1574 differt
543 1514 707 1574 vadimonia
731 1525 859 1592 praetor.

122 1606 184 1658 tum
208 1599 355 1677 gemimus
378 1616 464 1660 casus
485 1599 577 1672 urbis,
600 1609 673 1660 tunc
696 1599 811 1660 odimus
833 1601 942 1678 ignem.

124 1682 207 1745 ardet
228 1684 334 1758 adhuc,
357 1692 387 1744 et
409 1685 466 1744 iam
489 1685 620 1745 accurrit
642 1686 693 1763 qui
716 1703 862 1745 marmora
884 1684 984 1752 donet,
1155 1695 1198 1744 215

124 1770 260 1830 conterat
281 1769 438 1849 inpensas;
462 1770 509 1831 hic
531 1770 611 1830 nuda
633 1781 662 1830 et
685 1770 809 1830 candida
832 1769 925 1847 signa,

124 1853 172 1915 hic
196 1855 305 1933 aliquid
328 1856 513 1933 praeclarum
536 1855 741 1934 Euphranoris
764 1866 793 1915 et
816 1854 960 1934 Polycliti,

123 1938 197 2000 haec
219 1940 395 2001 Asianorum
418 1950 516 2001 vetera
540 1951 716 2001 ornamenta
738 1941 872 2012 deorum,

123 2023 172 2085 hic
195 2025 287 2086 libros
309 2025 391 2086 dabit
412 2036 441 2086 et
463 2026 576 2087 forulos
598 2026 784 2104 mediamque
808 2025 977 2097 Minervam,

123 2109 172 2170 hic
194 2110 328 2171 modium
350 2112 475 2190 argenti.
521 2111 643 2171 meliora
665 2131 700 2171 ac
723 2113 808 2189 plura
831 2110 950 2190 reponit
1155 2118 1197 2169 220

123 2194 260 2257 Persicus
283 2195 424 2256 orborum
447 2195 626 2257 lautissimus
649 2207 678 2256 et
701 2198 806 2257 merito
829 2196 886 2255 iam

122 2417 170 2459 ora
191 2409 262 2458 tecta
283 2410 311 2458 et
331 2402 452 2477 tristega.
572 2405 631 2460 202
655 2404 717 2476 quia
739 2419 821 2475 super
844 2412 914 2458 tecta
935 2399 1099 2457 columbaria
1122 2399 1199 2456 liunt.

209 2488 269 2545 203
292 2503 395 2562 pauper
415 2496 505 2563 poeta,
528 2489 605 2544 cuius
628 2497 655 2543 et
675 2505 756 2561 supra
779 2486 819 2560 [1,
845 2479 875 2566 2]
898 2485 1024 2542 meminit.
1138 2485 1199 2542 204

122 2572 195 2647 quod
216 2588 268 2628 nos
290 2572 438 2647 delphicam
459 2572 632 2646 appellamus.
744 2573 804 2629 205
828 2570 1053 2645 quemadmodum
1074 2568 1163 2624 solent
1185 2587 1201 2626 e

122 2656 299 2714 marmoribus
321 2656 408 2714 lacere
430 2656 514 2732 sigilla
537 2658 649 2714 diversa.
737 2676 751 2714 a
774 2656 924 2730 posteriore
945 2664 1021 2728 parte
1041 2652 1200 2710 recumbens

121 2742 361 2817 hippocentaurus.
476 2745 535 2801 207
560 2743 648 2816 opizin
672 2742 762 2799 Graeci
786 2743 880 2799 dicunt
901 2742 934 2797 de
955 2740 996 2795 bis
1019 2739 1065 2813 qui
1086 2738 1201 2813 inperite

122 2827 261 2884 locuntur.
283 2827 328 2883 alii
350 2829 442 2902 epicos
465 2829 558 2885 dicunt
581 2845 627 2884 eos
650 2830 696 2901 qui
714 2828 820 2885 loedam
835 2844 927 2884 vocem
941 2824 1050 2882 babent.
1139 2824 1197 2881 211

123 2911 231 2969 iuvabit.
253 2912 382 2987 suscepit.
469 2915 531 2971 212
555 2912 652 2969 nobilis
675 2915 817 2970 senatoris.
905 2922 1018 2986 aparte
1041 2921 1142 2974 totum,
1175 2910 1200 2966 id

124 3006 164 3055 est
184 3006 333 3054 matronae.
443 2999 503 3057 213
527 2998 630 3072 pullati.
653 3017 714 3055 cum
737 3000 819 3072 nigris
841 2998 959 3055 vestibus
980 2996 1114 3071 lugentes.

209 3084 271 3141 214
294 3091 352 3139 tum
373 3083 502 3157 gemimus
525 3100 611 3139 casus.
635 3100 690 3139 non
713 3084 871 3140 incandiunt
891 3081 960 3139 lares
976 3082 1062 3138 nostri
1077 3091 1123 3137 aut
1137 3097 1202 3153 prae

123 3167 230 3224 tristitia
256 3176 302 3224 aut
330 3178 444 3242 propter
465 3184 569 3232 casum,
599 3186 650 3224 nec
671 3168 763 3224 locum
784 3169 812 3223 in
834 3169 913 3223 domo
937 3177 1029 3222 nostra
1051 3165 1109 3220 fieri
1129 3165 1201 3238 pati-

123 3269 193 3324 mur,
216 3255 288 3326 quod
312 3263 340 3310 et
353 3254 478 3326 lugentes
493 3252 636 3310 observare
650 3254 747 3309 solent.
836 3253 896 3310 210
913 3261 1015 3307 statuas
1029 3267 1200 3306 marmoreas.

209 3340 269 3396 217
295 3339 472 3396 Athenienses
496 3338 641 3394 caelatores
663 3337 783 3394 luerunt.
872 3338 932 3395 218
950 3337 1014 3392 haec
1030 3336 1199 3390 Asianorum.

124 3423 324 3498 superstitiosae
337 3434 446 3498 gentem
459 3424 614 3479 nominavit.
702 3423 762 3480 210
780 3422 919 3478 armarium
934 3421 989 3477 sive
1005 3419 1200 3475 bibliothecam.

210 3509 269 3566 221
288 3508 425 3566 Persicum
447 3510 524 3582 quasi
545 3509 652 3565 divitem
673 3508 765 3581 posuit
786 3524 818 3562 eo
841 3507 915 3581 quod
932 3507 1028 3561 Persae
1045 3504 1147 3559 divites.
1162 3504 1201 3560 sic

124 3592 249 3650 Horatius
272 3592 329 3668 [od.
355 3597 380 3659 l,
406 3595 455 3658 38,
483 3593 509 3667 1]
529 3583 665 3650 ‘Persicos
688 3588 751 3649 orli’.
774 3592 913 3648 Terentius
936 3588 997 3665 [Au.
1015 3587 1087 3661 915]
1105 3579 1201 3645 ‘dinu-

211 3793 261 3845 203
280 3791 363 3844 Codro
382 3821 412 3830 —
433 3807 478 3843 sex
498 3808 546 3842 om.
565 3792 698 3855 Padup
775 3792 824 3842 205
844 3789 932 3840 chiron
946 3805 965 3853 p
1037 3790 1086 3842 210
1105 3795 1144 3839 est
1156 3805 1201 3839 em·

125 3862 260 3926 puna‘itp
280 3877 331 3913 om.
351 3868 390 3923 w,
409 3867 479 3911 recte
495 3864 571 3926 puto,
591 3857 626 3921 cs.
647 3862 694 3912 107
781 3858 873 3909 frustra
892 3859 959 3922 Ppr.
1055 3859 1104 3909 212
1122 3857 1201 3908 asturi

126 3942 143 3993 p
163 3933 246 3979 eructa
265 3929 288 3980 ci
371 3932 421 3981 214
438 3927 505 3980 'lum
525 3928 649 3992 gemimus
669 3929 770 3990 Ptoou
788 3925 860 3977 ‘lunc
878 3942 927 3976 nec
945 3926 1070 3990 geminus)
1151 3927 1200 3977 215

128 3997 237 4048 occurrit
251 4012 272 4063 p
343 3999 391 4049 art
411 3997 538 4064 poluctyti
556 4001 612 4047 tum
630 3996 695 4062 poli·
713 3998 737 4046 P
803 3996 853 4048 218
871 3993 980 4046 lleecas-
997 3995 1057 4046 PS:
1076 3992 1199 4059 Pecus-p
