2656 4440
120 226 159 284 68
568 225 740 278 tvvnnntts

119 408 236 461 secreto
260 399 374 460 cenavit
397 396 489 460 arus?
513 416 594 458 nunc
617 397 748 476 sportula
771 397 867 476 prime

119 485 222 546 limine
244 503 333 563 parva
356 485 438 545 sedet
460 482 565 544 turbae
589 482 731 561 rapienda
753 491 879 560 togatae.

121 570 168 630 ille
191 580 290 630 tamen
314 570 418 630 faciem
441 569 523 647 prius
546 567 666 647 inspicit
688 579 717 628 et
737 567 865 645 trepidat
888 587 926 629 ne

121 655 293 734 suppositus
315 655 415 715 venias
438 673 471 714 ac
494 654 567 714 falso
591 653 712 713 nomine
734 671 853 732 poscas:

122 740 239 818 agnitus
261 739 398 819 accipies.
443 738 526 799 iubet
549 757 565 798 a
588 756 736 816 praecone
757 738 854 797 vocari

122 825 203 903 ipsos
225 824 419 902 Troiugenas,
443 842 512 884 nam
535 831 641 884 vexant
661 824 751 884 limen
775 833 804 883 et
826 822 882 901 ipsi

123 908 289 970 nobiscum.
310 903 359 969 ‘da
382 909 521 988 praetori,
545 909 581 968 da
603 908 710 969 deinde
732 898 875 968 tribuno’.

122 994 172 1055 sed
195 993 353 1056 libertinus
376 995 459 1074 prior
481 1003 534 1054 est.
556 984 683 1072 '‘prior’.
704 993 801 1071 inquit
821 985 889 1073 ‘ego
913 993 1027 1053 adsum.

122 1097 177 1138 cur
199 1080 316 1140 timeam
341 1079 508 1140 dubitemve
530 1079 629 1138 locum
653 1078 821 1150 defendere,
845 1078 976 1157 quamvis

123 1174 210 1226 natus
232 1165 268 1225 ad
291 1164 474 1244 Euphraten,
497 1163 601 1225 molles
623 1165 701 1242 quod
725 1163 755 1223 in
780 1181 851 1223 aure
874 1165 1022 1224 fenestrae

123 1250 284 1328 arguerint,
308 1250 377 1311 licet
399 1250 463 1328 ipse
486 1247 616 1327 negem?
639 1249 690 1309 sed
713 1248 846 1326 quinque
868 1247 1010 1309 tabernae
1155 1258 1197 1308 100

124 1334 340 1414 quadringenta
362 1343 477 1414 parant.
523 1334 592 1412 quid
617 1335 733 1395 confert
755 1351 888 1412 purpura
911 1334 1005 1394 maior

124 1421 296 1498 optandum,
320 1420 344 1481 si
367 1420 508 1480 Laurenti
530 1419 659 1480 custodit
681 1419 712 1479 in
735 1436 807 1497 agro

124 1506 286 1566 conductas
309 1504 453 1566 Corvinus
476 1523 553 1578 oves,
578 1523 632 1583 ego
655 1504 792 1583 possideo
815 1503 881 1581 plus

105 1588 257 1651 .Pallante
280 1599 309 1650 et
332 1583 478 1650 Licinis‘l’
503 1597 662 1669 expectent
683 1606 754 1665 ergo
776 1588 900 1664 tribuni,

212 1765 250 1821 95
274 1762 334 1836 quis
356 1770 466 1819 tuorum
488 1771 535 1819 ant
556 1772 609 1818 tam
630 1761 752 1835 locuples
774 1769 821 1817 aut
842 1770 895 1817 tam
916 1759 1071 1817 luxuriosus
1087 1759 1145 1823 luit,
1169 1766 1201 1814 ut

125 1856 154 1904 tu
178 1845 230 1904 es‘l
253 1849 336 1904 moris
359 1855 449 1904 autem
471 1856 528 1905 erat
548 1847 620 1922 apud
641 1846 765 1919 antiquos
789 1870 808 1904 0
830 1861 864 1902 00
887 1845 947 1919 quis
963 1845 1074 1902 adderet
1087 1861 1200 1918 posses-

125 1932 247 1989 sionibus
262 1933 318 1990 suis
341 1941 388 1989 aut
402 1951 434 1989 ex
447 1933 498 1989 illis
514 1933 656 1989 minueret.
744 1933 783 1989 96
801 1931 858 1986 0010
872 1930 986 2003 intelligi
1000 1930 1070 2004 apud
1085 1938 1198 1994 veteres,

126 2019 245 2092 quamvis
259 2035 391 2092 pauperes
415 2026 513 2081 essent,
536 2025 625 2073 tamen
646 2016 773 2072 maiorem
793 2015 985 2072 humanitatem
1005 2015 1103 2082 luisse;
1128 2031 1201 2071 nanc

124 2109 213 2160 autem
235 2119 292 2159 eam
314 2102 398 2158 solam
419 2102 502 2158 videri
524 2102 729 2167 humanitatem,
760 2101 833 2176 qnod
856 2101 878 2157 si
906 2100 985 2158 detur
1007 2099 1143 2175 sportula,
1174 2108 1201 2156 et

124 2188 181 2261 ipsa
205 2186 375 2251 tenuissima,
404 2195 492 2243 tamen
521 2187 554 2243 ab
582 2187 722 2243 honoratis
750 2204 806 2242 non
829 2187 990 2252 excludaris,
1020 2187 1065 2259 qui
1088 2186 1119 2242 ad
1143 2202 1199 2242 eam

125 2273 183 2328 sine
204 2273 309 2346 pudore
331 2272 505 2329 conveniunt.
595 2277 653 2331 100
676 2273 819 2347 patricios,
844 2273 891 2345 qui
912 2271 962 2327 nisi
990 2271 1072 2345 agniti
1100 2269 1200 2327 fuerint

125 2373 181 2413 non
204 2357 348 2431 accipiunt,
372 2358 470 2414 nedum
494 2357 607 2414 humiles
629 2359 735 2432 possint
749 2358 879 2432 accipere.
970 2358 1028 2414 102
1044 2357 1133 2429 arguit
1146 2357 1200 2412 bo-

125 2443 211 2500 mines
234 2443 280 2516 qui
303 2444 329 2498 in
351 2442 540 2500 libertinorum
563 2442 649 2500 tribus
678 2443 756 2500 relati
783 2451 857 2499 sunt.
885 2441 931 2515 qui
959 2458 1021 2498 cum
1048 2441 1201 2498 libertatem

125 2536 292 2592 meruerunt,
317 2529 434 2601 pertusis
456 2529 566 2586 auribus
587 2530 663 2602 signa
682 2527 870 2585 libertinorum
892 2526 978 2584 celare
999 2543 1054 2583 non
1076 2536 1201 2600 possunt.

216 2616 275 2671 104
298 2613 507 2688 Mesopotameni
529 2615 651 2671 homines
674 2612 817 2670 effrenatae
832 2611 947 2669 libidinis
962 2613 1067 2668 suntin
1083 2620 1202 2685 utroque

126 2714 201 2754 sexu.
225 2698 355 2755 Salustius
377 2701 506 2757 meminit.
640 2701 698 2756 106
722 2699 928 2772 quadringenta.
956 2697 1003 2771 qui
1025 2706 1083 2754 erat
1104 2714 1202 2754 census

127 2791 204 2838 antea
227 2783 346 2856 equitum
369 2783 559 2840 Romanorum.
691 2783 757 2856 quid
783 2783 889 2840 confert
916 2799 1046 2856 purpura.
1076 2782 1202 2839 Lucillius

126 2856 233 2922 ‘aurum
256 2875 337 2940 atque
353 2867 488 2925 ambitiost
509 2868 642 2941 specimen
665 2855 791 2925 virtutis’.
878 2885 1008 2942 purpura.
1032 2867 1202 2925 laticlaviam.

217 2954 275 3009 109
295 2941 396 3008 ‘Pallas
416 2952 539 3018 libertus,
562 2962 594 3010 ut
615 2952 702 3026 inquit
723 2953 845 3019 Probus,
876 2953 978 3010 Claudii
1000 2953 1117 3010 Caesaris
1139 2953 1203 3010 oili-

129 3036 199 3091 cium
220 3036 356 3091 rationum
375 3037 569 3094 administravit
584 3038 651 3094 etin
668 3056 810 3096 numerum
824 3049 980 3114 praetorum
993 3040 1104 3103 relatus,
1129 3040 1204 3113 quod

128 3137 273 3195 parumper
302 3129 473 3179 cunctantem
496 3123 633 3180 Caesarem
661 3125 694 3181 de
721 3125 826 3181 incestu
848 3124 1011 3199 Agrippinae
1038 3125 1071 3182 ad
1097 3125 1204 3199 nuptias

129 3207 322 3271 confirmasset,
346 3224 408 3264 cum
430 3225 482 3281 qua
504 3209 561 3282 ipse
582 3210 804 3266 consuetudinem
824 3210 911 3284 stupri
933 3212 999 3267 adeo
1021 3210 1108 3284 palam
1129 3209 1204 3267 fece-

129 3301 186 3357 rat,
198 3302 229 3348 ut
244 3293 272 3348 in
291 3293 407 3365 quodam
426 3294 567 3350 simulacro
580 3294 715 3352 Palatinae
725 3296 859 3352 Minervae
876 3296 1040 3370 adscriptum
1051 3296 1099 3351 sit:
1117 3295 1205 3352 Pallas

130 3372 159 3436 o'
175 3373 353 3439 αἰτιῶνται’
373 3379 468 3436 Vallo.
551 3369 681 3445 ‘licinus
696 3381 783 3454 inquit
797 3380 912 3446 Probus,
936 3398 968 3438 ex
982 3379 1122 3437 Germania
1136 3398 1206 3453 puer

130 3471 225 3535 captus
246 3472 337 3520 tantae
349 3463 495 3520 industriae
511 3464 569 3530 luit,
593 3475 625 3523 ut
638 3466 763 3540 reliquias
784 3467 945 3523 cibariorum
966 3467 1036 3521 inter
1057 3481 1205 3521 conservos

130 3545 290 3611 1000000000,
314 3555 342 3605 00
364 3549 406 3605 001
428 3550 493 3623 quid
516 3551 672 3609 credidisset
694 3551 767 3626 quali
786 3560 894 3625 poterat
915 3549 1094 3624 chirographo
1112 3551 1205 3625 pugil-

129 3631 231 3688 laribus
246 3632 412 3691 subnotaret.
436 3652 505 3708 quos
521 3653 581 3692 cum
597 3637 766 3711 expeditione
786 3637 899 3710 quadam
921 3635 1083 3693 transiturus
1105 3636 1205 3694 flumen

129 3717 158 3772 in
180 3717 344 3775 vestimentis
365 3721 572 3787 recondidisset,
605 3723 633 3779 C.
656 3721 722 3778 lulio
746 3721 850 3778 Caesari
871 3721 988 3794 quodam
1010 3722 1159 3797 denegante
1181 3721 1206 3779 ei

130 3802 307 3876 pugillaribus
328 3803 472 3879 quicquam
493 3816 649 3865 annotatum
671 3805 800 3863 barbarus
821 3806 952 3881 legendos
981 3807 1088 3865 obtulit.
1117 3808 1206 3866 statim

218 3987 266 4036 102
285 3991 311 4037 et
329 3991 393 4037 ante
409 4002 458 4054 ego
476 4002 582 4038 erasum
599 3988 624 4037 P
691 3989 740 4040 106
758 3990 970 4056 purpuracmator
986 3991 1011 4042 P
1024 4006 1097 4044 corr.
1113 4007 1131 4058 p
