2656 4440
574 229 708 283 strvnn
724 230 746 283 ll

120 405 214 466 funde
237 422 351 464 merum
374 403 472 481 genio.
517 421 577 463 non
601 412 636 463 tu
657 422 746 482 prece
769 405 867 483 poscis
890 404 992 477 emaci,

122 508 199 569 quae
222 489 278 551 nisi
301 489 429 550 seductis
451 506 582 566 nequeas
605 490 789 550 committere
811 491 893 551 diris.

124 585 154 636 at
175 575 253 635 bona
275 593 344 671 pars
366 592 526 653 procerum
548 574 635 634 tacita
658 574 760 635 libabit
781 590 891 636 acerra.
1183 583 1199 634 5

121 661 195 720 haut
216 661 307 721 cuivis
328 667 500 738 promptum
523 669 568 719 est
589 677 783 738 murmurque
804 661 989 739 humilesque
1012 676 1151 720 susurros

122 745 229 806 tollere
251 744 287 804 de
309 744 426 822 templis
449 752 478 804 et
499 754 602 844 aperto
625 745 721 805 vivero
743 753 820 806 voto.

119 823 220 890 ‘mens
241 830 329 901 bona,
352 830 438 901 lama,
460 819 540 890 tides'
565 830 638 890 haec
661 831 738 890 clare
761 839 790 891 et
811 839 845 891 ut
866 830 966 891 audiat
989 831 1111 908 hospes:

125 915 174 976 illa
196 914 251 975 sibi
274 915 436 975 introrsum
460 925 491 974 et
512 914 566 975 sub
589 914 689 994 lingua
711 924 878 976 murmurat
896 909 975 977 ‘osi

126 999 244 1060 ebulliat
265 1009 398 1078 patruae,
421 999 643 1078 praeclaruml
642 993 734 1061 unus'
761 1012 790 1061 et
808 994 888 1061 ‘osi

126 1084 182 1145 sub
204 1094 299 1145 rastro
323 1093 425 1162 crepet
447 1085 561 1164 argenti
584 1085 656 1146 mibi
678 1085 755 1146 seria
777 1086 880 1146 dextro

125 1170 263 1230 Hercule.
297 1169 478 1248 pupillumve
500 1170 625 1243 utinam,
648 1188 737 1248 quem
759 1172 912 1250 proximus
935 1171 1022 1230 heres

125 1256 248 1334 lupello,
271 1273 448 1333 expungam,
471 1250 540 1314 nain
563 1264 593 1316 et
615 1264 660 1316 est
681 1256 833 1317 scabiosus
856 1265 886 1316 et
907 1254 967 1316 acri

127 1436 170 1484 est
184 1437 272 1483 autem
288 1426 331 1482 hio
347 1444 441 1484 sensus
457 1427 525 1484 etin
540 1427 651 1484 Horatio
672 1427 728 1502 [od.
749 1433 774 1494 1,
792 1430 841 1493 36,
862 1426 924 1501 10];
941 1421 1050 1484 ‘Cressa
1066 1442 1100 1483 ne
1114 1434 1204 1482 careat

127 1511 242 1587 pulchra
263 1512 319 1568 dies
341 1506 427 1569 nota.'
524 1512 671 1586 alloquitur
693 1513 847 1576 Macrinum,
870 1512 1006 1569 bominem
1028 1529 1093 1568 sane
1114 1508 1203 1568 erudi·

126 1606 185 1654 tum
209 1604 236 1653 et
250 1605 363 1671 paterno
386 1614 415 1653 se
437 1594 535 1654 allectu
550 1597 712 1672 diligentem,
736 1599 831 1673 quiin
854 1598 933 1656 domo
949 1597 1052 1655 Servilii
1067 1595 1202 1656 didicerat.

126 1699 142 1739 a
164 1699 219 1756 quo
242 1681 357 1756 agellum
379 1691 577 1756 comparaverat
598 1683 703 1740 indulto
719 1684 768 1740 sibi
785 1685 871 1759 pretio
888 1682 1036 1758 aliquanto.
1108 1682 1126 1739 3
1147 1696 1204 1736 non

125 1776 172 1832 tu,
202 1767 305 1842 inquit,
335 1784 366 1824 ea
386 1768 476 1841 poscis
499 1769 581 1824 emaci
601 1786 698 1864 prece,
728 1786 797 1844 quae
825 1769 876 1825 nisi
903 1776 1008 1825 secreto
1039 1767 1127 1841 optari
1147 1781 1204 1822 non

124 1862 243 1927 possunt
269 1861 383 1927 propter
413 1853 640 1926 turpitudinem
632 1853 715 1928 ipsius
744 1854 813 1921 voti;
846 1855 892 1910 sed
920 1852 964 1909 illa
992 1852 1093 1909 seilicet
1113 1861 1205 1926 aperte

126 1938 205 2011 petis,
231 1955 299 2011 quae
320 1937 408 1993 bonae
428 1937 491 1994 bdei
512 1947 585 1994 sunt.
629 1948 657 1995 et
677 1941 825 1996 notandum
842 1955 923 2014 prece
937 1955 1051 1995 numero
1066 1936 1203 2010 singulari,

126 2031 158 2079 ut
180 2023 306 2078 Horatius
335 2021 392 2097 [od.
418 2026 451 2087 1,
476 2023 510 2090 2,
535 2012 629 2097 261‘
632 2040 713 2098 prece
742 2042 795 2099 qua
828 2023 943 2120 latigent
969 2023 1086 2098 virgines
1114 2039 1205 2079 sacrae

127 2108 216 2164 minus
238 2102 417 2164 audientem'.
526 2112 544 2166 4
567 2108 627 2183 quia
650 2118 747 2184 putant
773 2110 853 2184 impia
875 2108 1046 2184 postulantes
1066 2107 1206 2203 promissis

128 2193 198 2249 votis
226 2193 338 2249 deorum
366 2193 497 2250 redimere
523 2192 684 2250 voluntates.
795 2198 812 2254 5
840 2211 947 2261 acerra,
975 2202 1067 2269 patera
1096 2193 1125 2249 in
1153 2209 1207 2266 qua

128 2279 238 2334 libatur.
292 2277 425 2353 Vergilius
455 2276 534 2353 [dan.
567 2281 594 2342 5.
630 2273 740 2353 7451‘
747 2289 774 2337 et
805 2279 886 2354 plena
916 2279 1030 2353 supplex
1064 2287 1208 2335 veneratur

130 2350 247 2418 acerra'.
292 2372 338 2420 aut
359 2380 450 2420 acerra
472 2380 533 2420 arca
554 2365 632 2421 turis.
684 2365 764 2420 tacita
785 2381 877 2421 acerra
899 2374 988 2421 autem
1011 2365 1048 2419 ait
1069 2380 1119 2437 pro
1141 2363 1207 2436 ipsis

131 2447 227 2511 tacitis,
251 2448 297 2521 qui
317 2447 379 2504 ideo
401 2449 489 2521 palam
511 2465 566 2504 non
589 2457 683 2513 orant,
714 2466 748 2505 ne
769 2450 860 2522 iniqua
883 2466 976 2505 eorum
999 2448 1093 2543 petitio
1115 2447 1210 2503 audia-

134 2539 188 2585 tur.
299 2536 335 2590 10
358 2531 509 2608 hypallage.
553 2549 608 2588 non
636 2531 804 2606 praeclarum
833 2535 931 2597 lnnus,
962 2533 1009 2588 sed
1037 2533 1100 2606 quia
1127 2549 1208 2605 prae-

133 2613 231 2670 claram
253 2615 297 2670 dat
317 2616 501 2672 hereditatem.
545 2615 588 2672 vel
616 2617 781 2690 praeclarum
803 2616 888 2674 funus
910 2616 933 2673 si
954 2626 1068 2691 patruus
1090 2615 1208 2673 ebulliat.

133 2699 248 2756 ebullire
270 2709 358 2755 autem
380 2701 490 2773 proprie
513 2700 664 2775 exspirare,
687 2700 843 2776 metaphora
864 2711 973 2776 sumpta
994 2719 1008 2758 a
1030 2699 1117 2765 bulla,
1141 2718 1209 2775 quae

133 2783 223 2858 aliquo
245 2785 318 2841 venti
340 2794 432 2841 tenore
454 2794 629 2843 sustentatur.
673 2804 742 2862 quae
769 2787 857 2844 bullae
885 2805 946 2845 cum
975 2787 1003 2844 in
1032 2803 1101 2861 aqua
1129 2786 1207 2854 fiunt,

132 2869 290 2927 cadentibus
313 2870 397 2942 guttis
417 2879 582 2944 rumpuntur
603 2880 631 2929 et
652 2872 774 2947 spiritum
797 2891 852 2948 quo
875 2874 1050 2930 continentur
1072 2872 1208 2929 emittunt.

132 2972 165 3010 ex
187 2971 241 3029 quo
264 2954 341 3011 etiam
364 2954 568 3029 proverbialiter
593 2957 690 3014 dicitur
709 2948 803 3016 ‘bomo
825 2957 899 3016 bulla
921 2968 962 3017 est
971 2954 989 3016 ’.
1080 2962 1114 3017 11
1140 2958 1209 3016 seria

134 3039 235 3096 dolium
255 3038 336 3096 fietile
359 3039 515 3114 oblongum.
625 3044 663 3101 12
686 3060 741 3100 non
771 3045 865 3120 ntique
886 3048 963 3102 ouius
985 3054 1061 3102 tutor
1083 3045 1132 3108 sit,
1162 3045 1209 3103 sed

132 3140 247 3197 puerum
269 3125 356 3181 adhue
376 3127 446 3182 intra
468 3125 612 3200 pupillares
634 3144 719 3186 annos
742 3132 917 3188 constitutum
948 3141 974 3187 et
1002 3130 1123 3187 nondum
1145 3147 1210 3188 suae

133 3207 248 3274 tutelae,
279 3209 353 3265 cuius
375 3212 511 3268 secundus
533 3212 610 3268 heres
633 3213 795 3273 substitutus
817 3225 874 3280 est,
903 3217 925 3273 si
948 3214 1085 3272 ellerarur.
1130 3232 1209 3289 quem

133 3293 285 3350 scabiosum
299 3292 479 3370 biliosumque
494 3305 521 3353 et
534 3298 657 3354 vitiosum
673 3300 732 3356 ideo
748 3301 819 3365 dicit,
844 3311 977 3374 tamqnam
1000 3319 1031 3357 ex
1052 3299 1104 3357 hoc
1119 3308 1211 3374 speret

135 3378 248 3434 celerius
269 3379 440 3436 moriturum.
551 3385 588 3441 13
612 3391 727 3440 tractum
748 3403 763 3441 a
785 3385 928 3450 militibus,
952 3386 999 3460 qui
1021 3385 1147 3459 expuncti
1170 3386 1209 3441 di·

136 3472 249 3529 cuntur,
274 3465 336 3520 dum
359 3463 431 3521 lorus
453 3482 467 3520 a
489 3466 580 3523 militia
602 3469 771 3526 emittuntur.
835 3471 992 3544 metaphora
1022 3487 1036 3525 a
1065 3469 1152 3534 bello,
1180 3471 1208 3527 in

136 3565 190 3622 quo
213 3549 324 3606 cadente
346 3550 392 3623 qui
413 3551 516 3625 primus
535 3561 584 3617 est,
608 3554 823 3611 succenturiatur
836 3554 913 3612 alius.
957 3555 1046 3612 itidem
1060 3555 1089 3610 in
1104 3556 1209 3630 stipen-

222 3714 354 3764 3murum
373 3721 397 3764 α
479 3715 551 3768 5Αά
568 3718 593 3767 Ρ
675 3717 767 3768 libauit
784 3720 808 3768 P
889 3716 977 3771 obul
995 3725 1018 3769 α
1098 3734 1210 3771 murmur

137 3779 293 3845 humilisque
311 3788 336 3831 α
406 3786 525 3849 laperte
543 3791 568 3834 α
586 3786 684 3851 aperito
702 3788 769 3851 Ppr.
841 3790 870 3837 to
888 3786 986 3837 Ebullit
1004 3794 1052 3853 ap
1070 3786 1210 3853 Ebullet5

222 3849 304 3913 patrui
324 3855 347 3899 α
365 3855 473 3916 patrue*
486 3853 510 3902 P
523 3859 614 3918 patruo
630 3869 649 3919 p
668 3853 711 3904 uel
729 3853 826 3905 Ebullit
844 3855 928 3920 patrui
945 3870 1042 3921 margo
1032 3803 1083 3906 PP
1179 3860 1208 3909 11

138 3920 208 3967 astro
226 3917 292 3980 Ppr
366 3926 454 3983 crepat
478 3926 501 3970 α
573 3923 603 3972 12
622 3937 699 3988 quarn
719 3928 742 3972 α
813 3924 843 3973 13
863 3938 995 3988 expungas
1015 3931 1038 3975 α
1108 3937 1165 3974 narn
1184 3929 1211 3977 et

137 3991 177 4036 est
196 3991 232 4035 ot:
252 3999 310 4035 nam
329 3988 532 4054 estPnarnque
550 3993 623 4054 estp
