2656 4440
187 333 190 338 .
219 248 238 306 6
650 326 652 329 Ι
708 248 813 303 eursu

221 420 378 482 adsensere
400 420 470 481 riri:
495 439 575 482 nuno
598 440 660 482 non
682 421 757 483 cinis
778 421 833 495 illes
849 432 953 501 poetae

220 503 312 567 felix?
334 525 396 567 non
418 506 509 566 levior
531 506 637 586 cippus
659 525 740 568 nune
763 507 897 585 inprimit
918 503 1005 568 ossa?

221 591 342 652 laudant
363 591 518 651 convivae:
543 610 624 653 nunc
647 611 707 652 non
732 610 748 652 e
770 592 907 655 menibus
928 591 994 664 illis,

221 695 303 737 nune
325 695 387 736 non
411 695 427 736 e
449 676 563 737 tumulo
585 677 793 754 fortunataque
815 676 910 737 lavilla

221 768 382 822 nascentur
403 759 518 822 violae?
537 752 641 823 ‘rides'
667 762 708 822 ait
722 759 769 822 ‘et
790 762 878 824 nimis
899 761 985 823 uncis

221 845 344 908 naribus
365 846 509 926 indulges.
547 865 585 908 an
608 847 664 908 erit
687 847 737 925 qui
758 846 832 908 velle
854 857 972 908 recuset

222 951 256 992 os
278 932 380 1010 populi
402 931 545 992 meruisse
569 941 599 992 et
620 931 709 993 cedro
731 932 819 1011 digna
842 933 958 993 loeutus

219 1015 355 1095 linquere
378 1035 435 1077 nec
456 1015 610 1079 scombros
632 1017 794 1079 metuentia
816 1018 947 1078 carmina
971 1034 1027 1077 nec
1053 1005 1136 1077 tusi’

262 1102 397 1180 quisquis
419 1121 460 1179 cs,
484 1121 501 1162 o
523 1103 613 1163 modo
636 1120 724 1181 quem
748 1121 782 1163 er
805 1102 926 1163 adverso
949 1101 1135 1174 diceresed,

220 1205 281 1248 non
306 1205 361 1267 ego
384 1205 451 1249 cum
474 1187 582 1261 scribo,
605 1188 630 1249 si
652 1189 728 1248 sorte
751 1187 821 1266 quid
843 1188 940 1266 aptius
962 1187 1030 1259 exit,
1266 1196 1296 1246 45

219 1273 338 1350 quando
361 1272 418 1333 hoc
439 1290 506 1332 rara
528 1274 589 1334 avis
611 1280 664 1347 est,
687 1273 711 1335 si
734 1274 803 1352 quid
826 1282 924 1334 tamen
947 1272 1043 1351 aptius
1066 1271 1134 1343 exit,

201 1355 333 1418 'laudari
355 1366 494 1431 metuam,
517 1359 716 1437 nequeenim
737 1358 809 1418 mibi
834 1377 942 1419 cornea
965 1357 1037 1418 libre
1061 1366 1113 1417 est.

219 1443 270 1504 sed
292 1442 366 1504 recti
388 1443 538 1520 finemque
561 1448 784 1545 extremumque
806 1462 870 1504 esse
893 1461 999 1504 recuso

215 1518 316 1605 ‘euge'
338 1536 423 1587 tuum
446 1536 475 1588 et
490 1520 603 1589 ‘belle'.
642 1546 710 1588 nam
744 1527 831 1589 belle'
853 1527 910 1588 boc
933 1534 1038 1588 excute
1060 1535 1169 1587 totum:

220 1612 291 1689 quid
315 1630 376 1672 non
400 1612 481 1673 intus
503 1610 613 1673 habet?
636 1632 697 1674 non
721 1611 769 1672 hic
792 1622 837 1672 est
857 1612 924 1674 Ilias
946 1613 1006 1673 Atti
1266 1619 1297 1671 lo

220 1696 300 1757 ebria
323 1695 461 1758 veratro?
483 1717 544 1760 non
568 1699 651 1777 siqua
674 1696 797 1776 elegidia
819 1697 903 1758 erudi

219 1903 280 1959 tatis
302 1903 455 1961 accentibus
478 1912 574 1961 curtat.
662 1906 702 1962 36
726 1903 791 1959 cinis
812 1901 875 1959 felix
897 1913 946 1968 est,
970 1902 1096 1977 quotiens
1124 1902 1156 1959 de
1181 1904 1296 1961 mortuis

218 1987 288 2044 bene
315 1987 462 2062 loquimur.
505 1998 608 2045 veteres
638 1988 761 2045 dixerunt
788 1988 957 2062 praegravari
983 2004 1099 2063 corpora
1127 2005 1220 2045 eorum
1249 1991 1297 2061 qui

218 2073 327 2147 corpori
350 2080 453 2131 tantum
475 2074 613 2130 studentes
635 2073 699 2129 nihil
717 2073 888 2130 memorabile
910 2073 1088 2147 reliquerunt.
1165 2075 1201 2131 37
1226 2090 1297 2146 pro-

218 2157 277 2232 prie
299 2158 393 2233 cippus
416 2169 458 2215 est
478 2157 545 2232 lapis
566 2157 712 2233 sepulchri.
814 2160 853 2216 39
878 2157 996 2215 tumulus
1019 2159 1116 2215 dicitur
1137 2167 1224 2216 terrae
1245 2175 1298 2232 ag-

217 2243 313 2316 gestio,
336 2243 384 2300 nbi
405 2243 478 2301 nulla
499 2243 625 2300 memoria
648 2251 698 2299 est.
770 2245 824 2305 ,42
848 2259 906 2299 mos
934 2244 1006 2317 apud
1033 2253 1138 2300 veteres
1167 2252 1237 2308 erat,
1265 2254 1299 2300 ut

218 2328 324 2386 chartae
345 2329 374 2385 in
396 2327 494 2403 quibus
516 2327 616 2386 nobilia
637 2327 751 2384 earmina
773 2327 973 2393 scribebantur,
998 2329 1057 2385 oleo
1081 2330 1190 2386 cedrino
1212 2329 1298 2385 inun-

218 2423 357 2488 gereutur,
382 2415 456 2489 quod
478 2424 506 2471 et
527 2415 570 2471 diu
594 2412 728 2470 durabiles
750 2412 850 2471 iaceret
871 2422 898 2471 ct
919 2430 934 2468 a
956 2413 1032 2470 tineis
1048 2423 1227 2472 conservaret.
1251 2414 1297 2471 alii

218 2500 313 2558 dicum
334 2500 445 2557 cedrum
466 2516 552 2574 genus
574 2499 639 2573 ligni
660 2516 719 2556 esse
740 2499 813 2573 quod
836 2499 945 2572 dignum
959 2498 1120 2556 bibliotheca
1134 2498 1294 2557 habebatur.

305 2587 345 2644 43
368 2603 438 2660 quae
459 2587 574 2643 earmina
597 2584 702 2642 nullum
730 2585 880 2658 periculum
909 2583 1025 2642 habeant
1051 2586 1122 2659 apud
1145 2584 1295 2640 salsamen-

218 2671 301 2727 tarios
323 2681 350 2728 et
371 2672 496 2729 turarios.
582 2670 699 2727 scombri
721 2670 848 2727 dicuntur
869 2670 956 2744 pisces
985 2671 1019 2727 de
1047 2671 1145 2743 quibus
1167 2670 1198 2726 fit
1219 2670 1293 2743 opti·

216 2771 290 2812 mum
319 2773 423 2829 garum.
532 2760 571 2815 45
602 2754 690 2813 scribo
720 2754 867 2828 praesentis
890 2765 945 2821 est,
978 2755 1031 2812 exit
1058 2755 1193 2819 similiter,
1222 2755 1294 2812 unde

216 2840 395 2912 posteriorem
424 2841 550 2915 syllabam
577 2858 633 2897 non
670 2839 765 2896 dubito
794 2839 914 2896 Persium
949 2840 1131 2896 doctissimum
1159 2840 1295 2896 hominem

218 2923 313 2979 dixisse
335 2934 475 2998 correpte,
505 2925 624 2998 quamvis
652 2923 758 2997 quidam
780 2924 932 2996 producant
952 2941 1010 2982 eam
1031 2932 1059 2981 et
1079 2924 1190 2981 verbnm
1212 2941 1293 2998 prac-

217 3007 290 3064 teriti
312 3009 439 3082 temporis
461 3008 568 3066 iaciant.
671 3009 710 3065 46
735 3006 871 3062 translatio
895 3017 934 3064 est
956 3025 970 3063 a
993 3009 1132 3083 phoenice.
1224 3026 1293 3083 pro-

217 3092 368 3150 verbialiter
396 3110 480 3149 raram
510 3110 598 3157 avem,
629 3109 685 3150 eam
715 3109 795 3166 quam
817 3102 881 3166 post
902 3093 1013 3167 longum
1035 3102 1141 3169 tempus
1161 3095 1292 3151 videmus.

304 3180 343 3238 48
366 3179 419 3235 hoe
440 3179 516 3235 dicit:
540 3179 645 3235 laudem
667 3177 774 3252 quidem
796 3194 870 3242 amo,
895 3196 949 3235 non
972 3179 1077 3246 falsam,
1101 3181 1148 3236 sed
1171 3197 1238 3253 quae
1260 3181 1293 3234 ad

218 3264 299 3322 finem
321 3273 469 3322 extremum
491 3265 566 3335 recti,
590 3264 623 3319 ad
645 3262 781 3319 veritatem
804 3263 935 3321 intendat.
1012 3269 1050 3324 49
1075 3281 1143 3337 euge
1166 3274 1192 3321 et
1213 3261 1292 3319 belle.

216 3349 270 3408 hoc
292 3351 363 3407 enim
390 3350 441 3406 diei
469 3350 539 3406 solet
560 3349 640 3406 ticcio
662 3347 789 3405 Labeoni.
879 3358 983 3407 excute.
1004 3349 1142 3407 translatio
1172 3366 1185 3402 a
1209 3348 1292 3402 vesti-

216 3443 307 3491 mento
336 3435 417 3510 pleno
448 3434 570 3491 sentibus
600 3435 641 3490 vel
670 3433 885 3507 quibuscumque
913 3435 1092 3509 corpusculis,
1125 3432 1199 3506 quod
1231 3449 1292 3488 eum

217 3535 359 3577 excussum
381 3520 471 3587 luerit,
496 3519 621 3593 quicquid
644 3518 725 3576 habet
745 3517 939 3586 absconditum,
962 3520 1070 3594 proicit.
1168 3520 1205 3575 bl
1232 3517 1292 3575 elle-

217 3601 314 3660 borum
338 3621 442 3678 graece,
472 3605 553 3661 latine
581 3614 732 3667 veratrum,
763 3605 835 3677 quod
865 3605 944 3660 datur
972 3601 1177 3667 insanientibus,
1206 3610 1237 3659 ut
1258 3606 1291 3659 ad

304 3803 337 3854 36
355 3801 393 3852 illi
412 3809 436 3853 α
518 3803 550 3854 39
569 3807 595 3852 et
614 3809 637 3852 α
718 3807 852 3856 dorstet
930 3800 1033 3854 illios
1053 3807 1076 3851 α
1155 3804 1189 3853 44
1206 3801 1291 3853 dicere

217 3870 257 3922 las
275 3876 315 3922 est
334 3876 358 3921 α
427 3872 459 3922 45
479 3870 612 3923 conscribo
632 3877 655 3921 et
734 3871 802 3922 exsit
822 3879 845 3922 α
924 3873 957 3922 46
976 3873 1007 3922 lt
1026 3872 1134 3920 c'nuerso
1153 3871 1247 3921 ordine
1266 3876 1289 3920 et

217 3941 250 3992 46
268 3938 371 4002 Ιταεος
439 3939 506 3990 exsit
524 3946 547 3990 ot
640 3942 671 3991 45
691 3939 865 3991 mihimet
944 3941 972 3990 51
994 3939 1067 4005 sique
1085 3938 1178 4004 legidie
1198 3946 1221 3989 α
1238 3953 1290 3988 me-

216 4007 275 4059 dies
292 4021 307 4058 a
325 4022 340 4060 e
357 4008 381 4057 P
394 4010 424 4058 in
440 4024 495 4060 rec.
