2656 4440
620 217 722 270 PFRSll
740 217 817 269 vtro

234 524 321 585 Vth
345 526 377 586 Α.
402 525 527 587 PERSll
550 525 755 588 unicornu
780 523 1059 587 COMMENTARIO
1083 523 1199 586 PROBl

540 611 694 672 VALEllll
716 609 886 672 stantun

266 728 357 790 Aulus
379 729 497 791 Persius
520 729 642 791 Flaccus
665 739 752 791 natus
781 738 825 790 est
847 729 942 808 pridie
965 747 1060 790 nonas
1083 729 1252 790 Decembris

180 813 271 875 Fabio
296 815 413 875 Persico
437 815 469 875 L.
493 814 608 876 Vitellio
632 835 708 876 coss.
731 815 857 876 decessit
880 813 945 874 Vlll
968 813 1108 875 kalendas
1132 815 1253 875 llecem-

181 899 242 961 bris
265 900 296 960 P.
320 900 411 960 llario
434 900 530 961 lunio
554 900 635 961 Gallo
659 919 734 961 coss.
1277 899 1292 948 ⁵

265 995 352 1046 natus
374 985 404 1045 in
418 985 546 1046 Etruria
565 986 729 1058 Volaterris,
753 1004 844 1063 eques
867 985 1033 1058 Romanus,
1057 984 1204 1064 sanguine
1227 991 1255 1042 et

181 1071 323 1131 affinitate
346 1070 433 1149 primi
456 1071 569 1132 ordinis
592 1072 663 1132 viris
685 1071 873 1132 coniunctus.
911 1069 1037 1131 decessit
1059 1068 1095 1130 ad
1119 1079 1254 1130 octavum

180 1156 336 1216 miliarium
360 1156 404 1215 via
426 1156 520 1234 Appia
544 1157 574 1216 in
599 1156 726 1235 praediis
748 1156 818 1217 suis.

273 1249 359 1320 pater
381 1259 448 1301 eum
472 1237 619 1326 [Flaccus]
644 1241 789 1321 pupillum
813 1241 933 1320 reliquit
954 1240 1085 1301 moriens
1106 1256 1255 1299 annorum

180 1327 242 1387 lere
264 1345 324 1387 sex.
348 1325 447 1386 Fulvia
470 1327 605 1387 Sisennia
629 1328 731 1406 nupsit
757 1336 860 1406 postea
882 1326 971 1388 Fusio
1000 1325 1091 1404 equiti
1120 1323 1254 1386 Romano
1279 1323 1308 1372 1⁰

180 1420 210 1471 et
232 1430 299 1471 eum
323 1430 443 1490 quoque
466 1412 569 1472 extulit
591 1413 668 1473 intra
691 1430 803 1492 paucos
826 1430 930 1473 annos.

265 1496 377 1558 studuit
392 1496 515 1557 Flaccus
530 1516 625 1576 usque
640 1498 674 1557 ad
691 1515 803 1558 annum
818 1497 872 1557 Xll
887 1496 988 1558 aetatis
1003 1514 1073 1558 suae
1085 1494 1253 1566 volaterris,

180 1581 249 1641 inde
281 1581 393 1641 Romae
426 1583 503 1661 apud
537 1584 760 1660 grammaticum
790 1582 956 1642 Remmium
986 1582 1193 1643 Palaemonem
1226 1588 1254 1638 et

181 1666 257 1745 apud
280 1667 428 1727 rhetorem
452 1667 622 1746 Verginium
646 1667 777 1728 Flavum.

266 1770 334 1812 cum
357 1760 434 1813 esset
456 1770 604 1813 annorum
620 1752 694 1826 xvi,
718 1753 842 1813 amicitia
866 1753 964 1831 coepit
985 1751 1028 1812 uti
1051 1749 1166 1811 Annaei
1182 1748 1254 1809 Cor·
1277 1747 1305 1796 15

182 1836 245 1897 nuti
268 1838 307 1897 ita
337 1845 371 1897 ut
399 1856 544 1916 nusquam
572 1837 667 1898 abeo
691 1836 863 1899 discederet.
907 1837 1046 1898 inductus
1068 1835 1254 1914 aliquatenus

180 1922 209 1982 in
234 1922 450 2002 philosophiam
474 1935 525 1982 est.

265 2008 374 2068 amicos
385 2007 488 2069 habuit
499 2026 515 2067 a
527 2008 621 2087 prima
640 2007 836 2068 adulescentia
849 2006 982 2069 Caesium
995 2006 1116 2067 bassum
1136 2015 1254 2084 poetam

180 2099 209 2151 et
232 2091 423 2171 Calpurnium
447 2093 604 2166 Staturam,
628 2093 678 2171 qui
700 2093 764 2153 vivo
789 2112 823 2153 eo
847 2093 960 2153 iuvenis
982 2091 1117 2153 decessit.
1162 2090 1254 2150 coluit

178 2185 212 2235 ut
234 2187 347 2255 patrem
364 2176 519 2238 Servilium
534 2177 713 2238 Nonianum.
751 2179 889 2256 cognovit
911 2195 964 2257 per
981 2175 1145 2238 Cornutum
1165 2176 1252 2236 ctiam
1275 2172 1303 2222 bo

179 2261 334 2322 Annaeum
349 2262 502 2322 Lucanum
525 2281 705 2342 aequaevum
728 2264 891 2324 auditorem
914 2262 1046 2324 Cornuti.
1084 2263 1163 2338 [nam
1180 2259 1253 2322 Cor-

181 2356 271 2408 nutus
294 2347 344 2408 illo
367 2355 501 2426 tempore
519 2348 647 2426 tragicus
662 2349 718 2408 luit
732 2359 830 2409 sectae
846 2348 988 2428 poeticae,
1012 2346 1062 2426 qui
1078 2346 1171 2407 libros
1185 2346 1251 2426 phi-

179 2432 332 2511 losophiae
347 2432 475 2511 reliquit.
512 2433 574 2510 sed]
590 2433 729 2495 Lucanus
745 2434 905 2495 mirabatur
926 2434 998 2494 adeo
1019 2432 1127 2511 scripta
1144 2430 1252 2504 Flacci,

179 2525 212 2577 ut
233 2518 280 2577 vix
302 2537 334 2579 se
357 2518 500 2579 retineret
522 2519 667 2580 recitante
691 2538 725 2579 eo
748 2519 784 2579 dc
807 2537 889 2580 more
921 2519 993 2597 quin
1022 2517 1070 2578 illa
1097 2534 1162 2577 esse
1182 2534 1251 2576 vcra

178 2612 322 2681 poemata,
345 2622 397 2664 sua
419 2604 505 2666 ludos
520 2603 640 2665 diceret.
663 2623 731 2666 sero
747 2605 885 2682 cognovit
900 2613 930 2665 et
945 2603 1099 2675 Senecam,
1122 2602 1252 2663 sednon
1274 2599 1301 2648 23

179 2696 212 2749 ut
233 2697 391 2768 caperetur
413 2689 476 2750 eius
498 2690 629 2768 ingenio.
674 2708 745 2750 usus
769 2697 813 2750 est
835 2691 911 2768 apud
937 2688 1101 2750 Cornutum
1123 2687 1251 2747 duorum

180 2774 315 2835 convictu
332 2775 569 2834 doctissimorum
592 2783 621 2834 et
642 2774 895 2835 sanctissimorum
911 2773 1041 2834 virorum
1057 2771 1163 2833 acriter
1178 2780 1251 2833 tunc

178 2856 465 2937 philosophantium,
503 2859 604 2920 Claudi
633 2858 796 2938 Agathurni
831 2859 937 2920 medici
966 2857 1191 2919 Lacedaemonii
1223 2865 1251 2918 et

263 3025 277 3074 3
298 3024 377 3075 hules
395 3024 459 3079 libri
542 3030 559 3078 4
576 3025 675 3077 uitellio
696 3040 727 3076 ue
746 3025 811 3076 libri
897 3029 911 3078 5
930 3024 1022 3077 Publio
1041 3025 1159 3091 Lipsiae:
1177 3023 1251 3077 rubia

178 3091 222 3141 uel
237 3092 324 3143 rubrio
343 3092 408 3143 libri
475 3094 556 3145 asinio
575 3093 639 3144 libri
656 3042 694 3153 clq.
711 3092 787 3143 Klein
804 3092 937 3153 fastorum
954 3109 1025 3144 cons.
1040 3109 1067 3159 p.
1085 3093 1120 3145 39

263 3163 278 3213 9
297 3160 404 3213 Flaccus
421 3161 517 3212 seclusi
587 3165 617 3214 10
641 3176 668 3212 se
691 3161 776 3226 ipsum
793 3160 897 3214 Persius
921 3160 1048 3228 significat
1068 3160 1206 3213 secessisse
1225 3163 1250 3214 in

178 3228 293 3294 Liguriae
311 3227 377 3280 fines
394 3234 499 3295 propter
511 3229 627 3281 Fuluiam
639 3228 782 3281 Sisenniam
800 3235 907 3282 matrem
925 3246 1006 3294 snam,
1023 3244 1088 3296 quae
1108 3234 1167 3297 post
1185 3244 1251 3281 mor·

179 3301 230 3347 tem
248 3297 339 3361 prioris
356 3298 405 3348 uiri
422 3297 457 3348 ibi
477 3302 555 3364 nupta
579 3300 633 3349 erat
653 3297 736 3349 schol.
755 3299 779 3361 6,
798 3300 813 3350 6
922 3298 1004 3350 luscio
1028 3297 1074 3347 cal
1090 3297 1174 3348 ruscio
1194 3300 1252 3362 qui·

178 3365 240 3415 dam
258 3366 321 3416 libri
390 3367 422 3419 18
441 3365 506 3417 hanc
529 3366 631 3418 satiram
651 3366 740 3417 scribit
758 3365 860 3418 Persius
878 3367 911 3418 ad
928 3366 1044 3418 Caesium
1063 3364 1172 3416 Bassum
1189 3366 1251 3433 lyri-

177 3433 1010 3568 tettttttmttttillinitittllhtltttlth
1027 3431 1142 3554 titt
1162 3437 1251 3554 'im‘

263 3570 295 3621 20
314 3574 343 3621 ut
355 3585 405 3621 om.
418 3571 483 3621 libri
530 3569 668 3636 alloquitur
685 3567 834 3635 Macrinum,
851 3570 980 3621 hominem
998 3583 1060 3620 sanc
1079 3538 1206 3622 eruditum
1223 3576 1250 3622 et

177 3640 283 3702 paterno
302 3651 330 3688 se
355 3637 446 3690 affectu
471 3638 634 3704 diligentem,
661 3638 706 3704 qni
728 3638 753 3689 in
780 3638 856 3690 domo
875 3636 976 3689 Seruilii
999 3635 1136 3704 didicerat,
1164 3653 1249 3706 aquo

177 3704 289 3770 agellum
307 3710 499 3772 comparauerat
516 3706 617 3758 indulto
635 3704 685 3757 sibi
703 3706 785 3771 pretio
798 3706 930 3773 aliquanto
942 3705 1024 3757 schol.
1038 3707 1089 3769 2,1
1143 3708 1174 3760 21
1189 3721 1248 3758 nam

176 3801 210 3809 -
229 3775 259 3825 23
279 3773 324 3825 sed
341 3778 457 3825 secreuit
474 3775 606 3839 Ber-glires
676 3775 708 3824 22
727 3774 906 3838 grammaticus
924 3773 1071 3824 Martinina
1152 3775 1248 3827 stoicae

177 3840 304 3892 Pithoeus
373 3845 405 3895 24
424 3843 549 3895 recitanti
566 3842 676 3894 clamore
695 3856 760 3907 quae
778 3841 821 3892 illa
840 3841 912 3894 libri.
931 3845 985 3892 iam
1002 3845 1095 3893 carim
1108 3848 1176 3908 puto
1195 3843 1248 3894 tale

177 3909 300 3961 recitante
318 3907 384 3962 lllela
403 3915 475 3977 patre
559 3912 590 3962 25
609 3925 657 3962 suo
675 3907 736 3960 ludo
755 3909 850 3961 laceret
868 3910 932 3960 libri
1009 3913 1041 3964 28
1060 3910 1187 3977 agaturini
1204 3911 1249 3961 uel

177 3978 314 4042 agaturrini
333 3979 409 4030 libri:
427 3978 592 4045 Agathemeri
611 3977 749 4029 hetaerias
765 3978 888 4045 Agathini
908 3979 1029 4031 Osannua
