2656 4440
546 214 733 268 33333333
1013 290 1016 295 .
1146 214 1180 266 in

104 387 326 462 3333331111,
342 398 423 450 recte
439 388 592 469 Peyronus
613 389 662 464 (de
676 388 747 450 bibl.
764 387 838 449 Bab.
854 397 922 448 3313
938 386 997 450 Cic.
1014 404 1058 448 or.
1075 387 1179 466 fragm.

103 510 132 570 3.
148 491 212 568 XX)
234 491 393 570 Sulpiciam
408 491 562 552 intellexit.
597 491 703 551 addere
717 500 835 571 3313331
851 508 1008 552 numerum
1025 489 1102 550 LXX
1118 508 1179 551 nou

104 593 312 672 epigrammata
328 594 379 655 sed
392 593 540 672 Sulpiciae
554 611 657 654 versus
672 594 849 672 significare.
872 592 942 654 inde
957 593 1086 673 primurn
1102 591 1180 653 edita

104 696 200 755 estin
223 695 298 756 libra
328 714 343 755 3
367 695 569 757 Wernsdardo
599 697 690 773 (3331.
713 695 762 756 131.
786 694 903 756 33137
927 713 955 773 p.
981 696 1074 771 1457)
1097 712 1180 754 3331·

103 807 265 858 memorata
292 797 390 859 Publii
415 797 548 876 Greporii
575 795 689 877 Tiferni
712 798 848 878 opusculo
872 798 1021 879 quaedam.
1067 795 1183 858 lontani

104 900 232 961 Pontani
258 904 345 962 nenia
373 911 400 961 et
428 904 646 979 epiprammota.
697 899 846 962 Francisci
875 898 990 960 Octavii
1024 897 1181 976 elepiarnm

104 1003 215 1064 libellus
238 1015 263 1064 et
280 1003 423 1083 epistolae.
464 1001 610 1083 Sulpiciae
632 1006 764 1064 carmina
787 1000 875 1062 LXX.
910 999 1031 1062 Venetiis
1042 1019 1096 1080 per
1110 1001 1180 1062 Ber·

101 1107 259 1167 nardinum
288 1104 423 1167 Venatum
445 1125 473 1165 a.
500 1106 592 1168 1498.
622 1105 758 1183 equidem
784 1105 872 1164 huius
900 1103 969 1163 libri
992 1103 1181 1180 Argentorati

103 1224 128 1265 3.
147 1210 229 1272 1509
246 1208 369 1286 33331113
385 1216 415 1267 31
430 1206 559 1266 Cornelii
576 1206 650 1266 Galli
666 1215 754 1284 atque
771 1205 929 1285 Pomponii
945 1204 1062 1265 Gaurici
1079 1204 1180 1283 elegiis

102 1318 185 1370 aucta
209 1309 339 1369 editione
366 1326 436 1369 usus
464 1326 545 1381 sum,
575 1308 606 1366 13
638 1326 695 1386 qua
718 1308 866 1387 Sulpiciae
893 1306 1108 1386 praescriptum
1138 1315 1183 1367 331

105 1411 247 1491 Sulpitiae
278 1414 424 1482 carmina,
453 1429 524 1490 puae
552 1411 613 1488 suit
642 1410 805 1472 llomitioni
831 1410 1014 1489 temporibus,
1042 1427 1137 1488 nuper
1164 1429 1183 1470 o

105 1512 225 1591 Georpio
243 1511 356 1573 Merula
374 1513 572 1574 Alexandriae
597 1531 662 1573 cum
684 1511 752 1574 aliie
780 1512 923 1593 opusntlie
944 1521 1057 1592 reperto
1115 1509 1180 1586 (M).

103 1636 119 1677 e
142 1616 243 1676 codice
265 1616 328 1694 1333
351 1624 401 1675 331
423 1634 458 1676 ex
482 1616 652 1695 apographo
676 1616 739 1676 eius
762 1633 829 1677 curn
845 1615 967 1676 Ausonii
997 1612 1180 1674 carminibus

103 1718 192 1778 edidit
221 1717 374 1778 Thadaeus
403 1716 543 1796 Vgoletus
579 1718 702 1778 Parmae
728 1719 820 1781 1499.
844 1716 979 1778 Venetiis
1012 1718 1090 1780 1501
1122 1715 1180 1794 (V).

102 1819 225 1880 Ausonii
240 1820 405 1898 catalogum
422 1820 567 1881 nobilium
582 1818 700 1880 urbium
718 1820 827 1898 excipit
848 1819 951 1880 titulus
992 1817 1119 1898 Sulpitia
1134 1822 1182 1878 in·

102 1925 178 2001 cipit.
201 1925 334 2002 queritur
355 1923 388 1983 de
409 1932 486 1982 statu
508 1926 600 2003 reipu.
627 1931 653 1983 ot
673 1921 850 2002 temporibus
864 1921 1035 1993 Domitiani.
1075 1921 1105 1980 13
1121 1920 1182 1980 fine

102 2022 303 2104 subscriptum
327 2032 371 2086 331
392 2025 502 2104 [iniunt
529 2025 662 2105 sulpitioe
685 2026 768 2086 dieta.
814 2024 1034 2104 Epiprommato
1060 2023 1185 2084 Ausonii

103 2146 173 2208 puae
195 2127 334 2204 scrutetur
356 2145 501 2189 emanasse
529 2126 729 2188 edidliotluca
758 2125 875 2206 Georpii
899 2126 1093 2188 Alexandrini
1122 2129 1183 2186 oiri

103 2231 135 2289 de
157 2229 257 2307 linpuo
280 2230 372 2290 latino
395 2230 581 2291 benemeriti
605 2228 706 2306 (XXlV
731 2232 877 2307 numero).
911 2229 980 2288 iude
1003 2228 1033 2288 13
1057 2226 1180 2306 quibus·

103 2330 168 2391 dam
192 2332 314 2391 Ausonii
336 2330 517 2392 editionibus
541 2332 639 2392 locum
662 2332 768 2404 tenuit,
800 2333 878 2392 13133
901 2349 974 2410 quas
997 2330 1131 2390 Aldiuam
1155 2348 1180 2389 3.

107 2435 197 2503 1517,
219 2433 453 2494 Tornaesianam
476 2452 502 2492 3.
522 2435 613 2507 1558,
636 2432 694 2493 133.
712 2433 853 2512 Scaligeri
870 2451 895 2492 3.
914 2435 1007 2503 1575,
1024 2430 1068 2491 ΕΙ.
1085 2431 1181 2491 113311

105 2551 130 2591 3.
155 2533 236 2596 1580
262 2536 343 2597 16114
366 2535 500 2594 uomina.
544 2543 607 2594 tum
630 2535 709 2593 inter
731 2535 862 2594 carmina
883 2534 1024 2593 Petronio
1047 2533 1143 2592 addita
1166 2549 1182 2591 3

105 2633 175 2693 1333
204 2635 301 2695 113333
330 2635 515 2713 potissimum
543 2634 755 2696 schediasmate
784 2653 809 2695 3.
842 2636 923 2699 1585
953 2634 1032 2694 31113
1060 2641 1182 2694 13331313

104 2744 157 2796 331.
201 2755 293 2815 33333
316 2737 346 2796 13
370 2736 568 2815 Vergilianum
590 2736 786 2817 appendicem
810 2736 868 2799 los.
886 2737 1016 2815 Scaliger
1038 2753 1064 2796 3.
1090 2738 1181 2810 1572,

104 2839 183 2898 13133
205 2839 413 2918 epigrammata
436 2846 534 2899 vetera
556 2840 619 2900 Pet.
636 2839 777 2900 Pithoeus
799 2858 825 2899 3.
845 2840 927 2903 15911
943 2839 1065 2919 3333311,
1087 2839 1182 2918 333113

103 2939 200 3005 1311313
216 2940 383 3002 minoribus
398 2941 588 3003 Burmannus
603 2960 629 3002 a.
649 2944 739 3016 1731,
758 2941 977 3004 Wernsdorfius
992 2960 1017 3002 3.
1037 2943 1118 3005 1782
1134 2942 1181 3002 in-

103 3054 274 3118 seruerunt,
297 3045 393 3123 333113
408 3044 542 3125 satyricis
563 3045 731 3105 minoribus
743 3045 781 3106 ll.
798 3045 828 3104 Z.
841 3044 1031 3105 Baxlicrnius
1045 3063 1069 3104 a.
1088 3046 1180 3108 1633.

102 3145 230 3206 13333311
247 3156 276 3206 31
292 3147 393 3208 Persio
412 3148 526 3226 primus
540 3147 647 3208 adiecit
662 3147 695 3206 P.
712 3147 853 3209 Pithoeus
868 3166 893 3208 3.
913 3149 1005 3211 1585.
1029 3166 1095 3207 cum
1112 3145 1179 3206 Chr.

103 3247 192 3309 Gottl.
223 3249 380 3310 Schwarzii
411 3250 624 3311 commentario
655 3249 747 3310 edidit
773 3252 905 3315 31819
937 3250 994 3310 133.
1025 3249 1180 3309 Gurlittus.

103 3351 199 3411 omnis
214 3352 350 3413 lectionis
373 3353 444 3414 tides
459 3352 490 3412 in
514 3353 646 3413 carmine
668 3352 754 3412 foede
770 3362 912 3431 corrupto
935 3362 964 3412 et
979 3351 1074 3411 media
1097 3359 1180 3429 parte

102 3462 245 3529 quantum
268 3454 352 3514 video
376 3454 564 3515 333111313-
580 3472 677 3532 neque
700 3454 780 3514 enim
803 3454 967 3515 sententiae
983 3460 1050 3531 3313
1073 3452 1181 3512 cohae-

103 3542 169 3613 rent
193 3573 290 3633 neque
312 3553 464 3628 fabellam,
495 3574 583 3634 quam
606 3574 638 3616 33
662 3565 845 3616 narraturam
869 3573 933 3615 esse
956 3554 1084 3633 Sulpicia
1108 3572 1180 3633 333-

104 3654 190 3729 misit,
213 3656 332 3717 1333313
348 3691 390 3702 -
405 3676 499 3736 penes
521 3657 585 3718 MV
596 3665 648 3730 331,
672 3676 795 3736 quarum
812 3658 954 3718 lectiones
979 3676 1038 3717 333
1055 3658 1181 3717 multum

104 3757 183 3816 13133
205 3777 236 3818 33
259 3759 461 3838 discrepantes
484 3778 588 3821 omnes
610 3760 762 3839 adscripsi.

191 3858 283 3919 Tuum
306 3862 356 3939 qui
373 3862 442 3922 olim
466 3879 534 3922 cum
551 3861 681 3941 Sulpicia
696 3861 860 3921 edebantur
882 3879 983 3922 versus
999 3879 1014 3920 a
1031 3861 1090 3920 lca.
1108 3859 1180 3920 Lud.

103 3960 211 4021 Guezio
236 3961 368 4023 Balzacia
385 3963 571 4043 conscriptos
594 3982 658 4025 esse
680 3972 804 4024 constat.
842 3981 909 4022 uam
932 3982 999 4025 cum
1023 3965 1063 4027 30
1080 3980 1181 4022 versus
