2656 4440
223 251 244 307 4
713 250 819 304 rursu

223 424 294 502 quid
316 423 443 486 faciam?
464 424 516 485 sed
538 443 604 486 sum
626 425 770 504 petulanti
792 425 896 504 splene
918 425 1076 486 cacbinno.

264 509 424 570 scribimus
444 509 562 582 inclusi,
586 529 728 571 numeros
748 511 806 583 ille,
829 510 877 571 bic
899 511 975 588 pede
996 508 1080 579 liber,

222 594 335 672 grande
356 595 465 674 aliquid
488 594 568 674 quod
590 596 693 674 pulmo
715 596 831 656 animae
852 595 1025 674 praelargus
1046 595 1173 656 anhelet.

221 679 334 740 scilicet
354 681 427 741 baec
449 680 559 759 populo
582 699 737 760 pexusque
758 690 886 759 togaque
907 680 1020 741 recenti
1266 689 1295 738 15

221 773 252 825 et
274 765 408 826 natalicia
429 766 550 826 tandem
573 785 641 826 cum
663 765 849 845 sardonyche
870 765 955 826 albus

220 850 290 911 sede
311 849 392 930 leges
414 851 501 921 celsa,
522 851 636 930 liquido
657 870 726 912 cum
747 852 890 930 plasmate
911 858 1015 928 guttur

221 934 330 996 mobile
352 936 512 1007 conlueris,
533 937 664 1016 patranti
685 937 797 997 fractus
819 936 923 996 ocello.

219 1029 292 1081 tunc
314 1040 413 1100 neque
436 1040 519 1081 more
541 1020 637 1100 probo
659 1022 756 1082 videas
778 1041 835 1082 nec
856 1040 928 1082 voce
949 1038 1055 1081 serena

219 1105 349 1184 ingentis
370 1107 518 1185 trepidare
539 1107 632 1175 Titos,
653 1125 723 1167 cum
745 1107 877 1167 carmina
899 1104 1034 1166 lumbum

218 1191 332 1252 intrant
353 1200 383 1252 et
404 1192 533 1253 tremulo
555 1191 730 1270 scalpuntur
751 1191 803 1252 ubi
825 1193 927 1253 intima
949 1209 1047 1252 versu.

218 1284 283 1345 tun,
305 1277 411 1348 vetule,
432 1277 573 1338 auriculis
595 1278 699 1338 alienis
720 1278 835 1357 colligis
856 1274 960 1338 escas?

219 1362 358 1423 auriculis
381 1361 490 1441 quibus
511 1373 542 1422 et
563 1362 643 1423 dicas
664 1371 733 1424 cute
755 1363 890 1442 perditus
908 1351 1019 1421 ‘ohe’t

215 1438 289 1524 ‘quo
312 1447 457 1520 didicisse,
480 1448 537 1508 nisi
559 1448 617 1507 boo
638 1448 819 1509 fermentum
841 1458 872 1509 et
894 1465 970 1526 quae
992 1444 1083 1506 semel
1105 1445 1187 1504 intus

218 1531 320 1592 innata
343 1541 388 1592 est
408 1541 498 1611 rupto
520 1533 619 1593 iecore
640 1533 745 1593 exierit
767 1530 943 1612 caprificus?
1266 1537 1295 1587 ὅ

218 1635 256 1676 en
279 1616 376 1695 pallor
396 1615 596 1696 seniumque.’
638 1636 788 1688 omores,
811 1617 1041 1695 usqueadeone

217 1823 286 1879 circa
309 1821 423 1880 fratrum
444 1823 525 1880 lilios.
557 1825 597 1881 sic
617 1824 709 1881 Cicero
730 1823 799 1898 [pro
817 1811 1295 1896 Goelio251‘obiurgavitcaelium

215 1916 248 1964 ut
269 1908 378 1981 quidam
398 1918 513 1983 patruus
542 1897 660 1966 censor'.
749 1909 786 1966 12
808 1910 958 1966 secundum
984 1908 1111 1982 physicos
1138 1908 1217 1968 dicit,
1247 1905 1296 1979 qui

216 1991 311 2050 dicunt
331 1993 452 2051 homines
473 1993 567 2068 splene
588 1994 690 2059 ridere,
721 1992 785 2050 lello
806 1995 892 2057 irasci,
915 1994 1005 2050 iecore
1025 2009 1122 2056 amare,
1145 1992 1226 2049 corde
1247 2007 1295 2045 sa-

215 2095 292 2151 pere.
393 2079 524 2136 cacbinno
553 2096 653 2136 nomen
681 2088 723 2136 eat
752 2087 779 2135 et
806 2079 927 2136 verbum.
978 2078 1125 2135 cachinnus
1154 2085 1196 2134 est
1222 2077 1294 2131 risus

136 2224 139 2229 ,
214 2162 337 2219 lascivior
358 2179 420 2221 cnm
440 2181 518 2222 voce.
614 2181 694 2238 quem
716 2164 808 2221 Graeci
828 2169 942 2243 μῶρον
964 2168 1109 2240 γελῶντα
1131 2163 1254 2220 dicunt.-

305 2251 342 2306 15
365 2266 450 2323 pexus
471 2250 624 2323 pectinatus
645 2248 687 2305 vel
715 2259 822 2306 tonsus.
867 2250 1064 2305 barbitondium
1094 2256 1135 2304 est
1163 2257 1293 2304 tonsurae

215 2350 302 2408 genus
323 2350 379 2407 quo
401 2335 511 2391 iuuenes
532 2334 696 2397 tondemur,
726 2335 797 2392 unde
824 2334 864 2392 sic
891 2335 961 2391 tonsi
988 2332 1125 2408 peribacbi
1152 2343 1293 2389 vocantur.

305 2423 342 2478 16
364 2419 522 2493 ambiguitas
544 2421 571 2476 in
600 2419 736 2483 natalicia,
764 2428 857 2477 unum
886 2437 943 2476 eam
971 2418 1052 2474 natali
1079 2435 1130 2474 suo
1159 2416 1294 2490 acceperit

214 2521 335 2569 munere,
359 2521 392 2560 an
415 2514 521 2562 tantum
542 2523 575 2562 eo
598 2505 640 2561 die
662 2522 757 2579 gerere
779 2506 872 2570 soleat,
897 2505 957 2579 qnia
973 2505 1081 2579 quidam
1104 2503 1203 2560 babent
1225 2519 1291 2558 ann·

213 2589 255 2646 los
277 2607 347 2665 quos
369 2591 412 2648 die
433 2600 536 2648 tantum
559 2591 639 2647 natali
661 2600 770 2665 gerunt.
855 2591 932 2647 albus
961 2599 1009 2647 aut
1036 2590 1130 2646 [estiva
1151 2596 1225 2645 veste
1246 2588 1292 2641 in-

212 2675 294 2733 dutus
315 2684 362 2733 aut
383 2677 518 2751 cogitandi
539 2677 644 2752 pallore
665 2676 815 2734 conlectus.
898 2680 934 2734 17
957 2676 1056 2750 plasma
1078 2683 1121 2731 est
1140 2674 1217 2748 potio
1239 2689 1291 2745 qua

212 2769 328 2818 utuntur
348 2763 442 2818 musici
464 2770 491 2818 et
512 2763 558 2836 qni
580 2763 653 2817 vocis
668 2760 794 2819 affectant
814 2761 913 2819 babere
935 2761 1113 2822 dulcedinem,
1136 2759 1207 2816 solet
1221 2758 1290 2813 enim

212 2862 304 2902 vocem
327 2844 397 2902 bene
419 2856 560 2902 sonantem
569 2847 680 2902 olacere.
771 2849 808 2904 18
830 2848 945 2921 patratio
968 2856 1009 2902 est
1029 2845 1068 2901 rei
1085 2845 1208 2901 veneriae
1223 2860 1292 2899 con-

213 2931 366 2986 summatio.
475 2932 514 2988 20
538 2932 661 3004 ingentes
683 2931 757 2986 Titos
786 2931 850 2986 dicit
870 2932 1006 2986 Romanos
1033 2939 1172 2986 senatores
1199 2937 1247 2985 aut
1275 2944 1289 2981 a

212 3014 271 3070 'l'ito
294 3014 369 3070 latio
389 3032 455 3088 rege
476 3013 637 3070 Sabinorum
658 3022 705 3070 aut
732 3023 805 3071 certe
833 3032 848 3071 a
870 3014 984 3071 membri
1004 3014 1086 3070 virilis
1106 3013 1291 3089 magnitudine

213 3100 277 3156 dicti
300 3100 351 3155 titi.
395 3100 470 3155 Titos
492 3099 676 3164 scholasticos,
700 3100 773 3173 quod
797 3099 851 3156 sint
872 3101 931 3174 vagi
959 3117 1047 3174 neque
1076 3117 1131 3157 uno
1160 3102 1288 3174 magistro

213 3184 334 3242 contenti
356 3193 384 3242 et
404 3186 432 3241 iu
447 3183 581 3241 libidinem
597 3185 685 3258 proni,
709 3186 779 3241 sicut
800 3202 862 3241 aves
884 3185 982 3259 quibus
1005 3196 1204 3260 comparantur,
1228 3201 1289 3239 nam

213 3272 252 3328 titi
274 3270 414 3328 columbae
435 3280 500 3326 sunt
521 3280 649 3344 agrestes.
736 3271 775 3328 23
799 3279 861 3327 cute
881 3272 1020 3345 perditus,
1046 3281 1078 3328 ut
1099 3271 1192 3327 citium
1215 3268 1288 3341 quod

211 3356 372 3414 intrinsecus
392 3355 490 3419 habes,
514 3358 592 3412 etiam
615 3356 642 3410 in
664 3364 726 3412 cute
748 3365 884 3430 appareat.
972 3359 1011 3415 24
1035 3357 1106 3412 sicut
1128 3355 1288 3410 fermentum

211 3457 325 3497 massam
348 3441 449 3514 rumpit
470 3449 498 3497 et
519 3439 658 3514 caprificus
681 3458 751 3505 saxa,
774 3441 810 3497 ita
832 3443 969 3514 ingenium
991 3451 1097 3517 pectus.
1126 3438 1288 3496 fermentum

212 3525 282 3581 intra
303 3527 423 3582 modium
444 3525 506 3600 plus
528 3542 583 3581 una
604 3525 670 3582 bora
693 3543 748 3582 non
771 3535 861 3599 potest
889 3527 1030 3583 contineri.
1075 3524 1171 3580 crescit
1198 3522 1288 3596 capri-

211 3608 278 3667 ficus
300 3628 332 3668 ex
352 3611 489 3672 lateribus,
512 3610 539 3666 in
561 3610 661 3684 quibus
683 3620 724 3667 est
745 3621 884 3686 concepta.
929 3620 971 3668 est
991 3611 1034 3667 hic
1054 3608 1161 3665 schema
1183 3603 1288 3671 ἀνθυ-

298 3793 330 3844 12
348 3792 489 3858 petulantis
506 3792 597 3859 plenae
614 3793 639 3842 P
714 3795 746 3845 14
764 3791 833 3859 quod
852 3794 885 3843 P:
905 3808 956 3859 qno
976 3798 999 3842 α
1081 3793 1113 3843 15
1130 3806 1212 3856 pexus
1229 3793 1287 3841 sine

211 3874 261 3927 qne
280 3866 305 3911 α
409 3864 439 3914 ll
458 3860 529 3926 leges
548 3865 578 3924 ς;
596 3860 685 3925 legens
704 3862 757 3911 cl’
771 3862 922 3927 Porphyrio
942 3862 1005 3910 Hor.
1023 3863 1073 3911 ant.
1091 3859 1158 3921 112,
1176 3860 1209 3911 21

213 3926 402 3981 18lractnsot
472 3933 504 3982 19
517 3928 631 3980 Tuncl’:
651 3927 696 3978 llic
716 3936 764 3994 ap
835 3930 867 3981 10
886 3928 1039 3995 lugentesp
1122 3927 1287 3980 22Tuuca

212 3997 244 4049 23
261 3995 384 4050 Articulis
401 3997 543 4048 Meduacus
611 3997 774 4063 perditosoae
793 4004 817 4049 α
891 4000 924 4050 nt
942 3997 1120 4050 fermentatum
1136 4013 1154 4062 p
