2656 4440
582 259 714 312 snrvut
731 260 742 312 l

123 444 153 495 et
174 445 225 497 tua
247 444 343 495 aratra
365 435 485 495 domum
508 432 596 494 lictor
616 435 692 496 tulit.
747 453 823 514 euge
846 445 948 514 poeta:

123 531 169 583 cst
191 539 273 581 nuuc
295 519 406 580 Brisaei
428 538 517 598 quem
540 538 669 581 venosus
691 519 767 581 liber
788 521 868 594 Acci,

121 617 194 668 sunt
215 625 290 684 qnos
312 606 516 683 Pacuviusque
538 616 568 666 et
589 624 745 666 verrucosa
767 616 901 666 moretur

123 693 261 770 Antiopa,
284 691 435 751 aerumnis
458 709 510 751 cor
532 690 719 751 luctificabile
742 681 850 751 fulta‘l'

123 779 179 838 hos
201 776 302 856 pueris
324 776 455 836 monitus
477 785 576 855 patres
598 776 757 836 infundere
778 777 875 855 lippos

123 881 191 924 cum
213 862 320 933 videas,
344 861 501 939 quaerisne
523 861 603 921 unde
625 862 697 922 haec
719 871 837 940 sartago
863 860 1004 939 loquendi
1171 869 1201 921 80

121 947 236 1008 venerit
257 948 288 1007 in
311 946 436 1025 linguas,
457 947 538 1007 unde
560 946 638 1007 istud
661 946 788 1008 dedecus
810 947 842 1006 in
865 965 924 1026 quo

121 1033 269 1094 trossulus
292 1031 403 1093 exultat
423 1031 477 1092 tibi
499 1051 553 1112 per
575 1031 712 1093 subsellia
734 1029 828 1093 levis?

211 1206 250 1261 76
274 1203 409 1260 Brisaeum
431 1204 542 1260 Accium
563 1205 624 1261 ideo
647 1204 725 1268 dixit,
754 1205 816 1278 quia
843 1213 939 1278 poetae
960 1204 987 1259 in
1009 1201 1098 1259 biberi
1118 1203 1202 1276 patris

125 1288 211 1345 tutela
232 1305 291 1345 esse
313 1297 474 1345 noscuntur.
524 1298 566 1347 est
594 1299 683 1346 autem
706 1289 828 1346 Brisaeus
849 1288 929 1345 Liber
956 1294 1035 1362 pater
1063 1286 1202 1361 cognomi·

123 1384 220 1439 natus,
252 1382 284 1429 ut
306 1373 464 1448 quibusdam
486 1374 606 1440 videtur,
630 1390 645 1430 a
666 1373 752 1431 mellis
773 1392 840 1438 usu,
871 1390 903 1431 eo
926 1373 1000 1447 quod
1021 1373 1079 1447 ipse
1100 1373 1203 1445 primus

122 1459 256 1516 invenisse
278 1458 381 1515 dicatur
402 1459 454 1515 mel
483 1477 514 1515 ex
536 1460 601 1515 lavis
623 1459 772 1534 exprimere
795 1458 888 1533 (brisin
910 1458 1058 1515 iucundum
1080 1457 1202 1523 dicimus,

124 1543 197 1600 unde
219 1544 297 1600 etiam
320 1544 426 1617 quidam
442 1545 556 1602 Briseida
579 1545 730 1602 existimant
750 1545 855 1608 dictam,
879 1544 953 1617 quod
968 1543 1064 1600 Achilli
1085 1542 1203 1600 iucunda

123 1629 226 1700 luerit).
271 1638 302 1685 ut
323 1629 379 1685 aliis
401 1630 520 1695 ridetur,
550 1630 583 1686 ab
605 1647 671 1694 uva,
702 1629 764 1704 qnia
789 1646 867 1685 uvam
888 1629 1020 1686 invenerit
1040 1638 1069 1685 et
1090 1645 1202 1702 expres·

123 1715 190 1770 serit
223 1713 337 1787 pedibus
369 1713 483 1790 (brisare
516 1715 586 1772 enim
615 1715 712 1772 dicitur
740 1712 910 1789 exprimere).
961 1713 1003 1771 vel
1032 1731 1064 1771 ex
1093 1715 1203 1771 nomine

122 1798 256 1874 nymphae
278 1816 346 1874 quae
369 1817 430 1856 eum
452 1803 570 1858 nutrisse
593 1801 697 1858 dicitur.
742 1798 785 1856 vel
807 1801 867 1856 ideo
890 1799 951 1873 quia
980 1799 1107 1856 barbatus
1136 1799 1202 1856 coli·

122 1894 178 1940 tur.
267 1889 304 1943 77
322 1885 450 1961 Antiopa,
474 1886 566 1961 Nyctei
588 1887 659 1960 regis
681 1885 743 1951 filia,
767 1884 800 1941 ab
822 1885 934 1960 Epapho
955 1902 1006 1959 per
1027 1884 1118 1940 dolum
1141 1893 1203 1941 stu·

123 1981 209 2043 prata,
234 1970 269 2026 ob
291 1970 345 2027 hoc
367 1988 382 2026 a
403 1973 460 2027 viro
484 1989 533 2027 suo
557 1972 628 2045 Lyco
652 1980 742 2045 spreta
766 1979 816 2030 est.
863 1970 931 2026 hanc
947 1970 1067 2027 relictam
1082 1969 1203 2043 luppiter

124 2072 272 2112 conversus
293 2056 320 2111 in
343 2065 463 2130 satyrum
486 2055 581 2112 dicitur
603 2057 804 2130 compressisse.
849 2057 933 2112 iratus
954 2056 1044 2130 Lycus
1058 2055 1153 2111 lliroen
1176 2055 1202 2109 in

121 2141 324 2214 matrimonium
346 2141 435 2206 duxit,
467 2142 509 2199 oui
536 2142 654 2216 suspicio
677 2141 770 2197 incidit
791 2141 877 2197 virum
899 2159 978 2198 suum
1002 2156 1063 2197 cum
1084 2141 1203 2214 Antiopa

122 2225 313 2284 concumbere.
356 2227 448 2301 itaque
469 2227 610 2301 imperavit
631 2227 744 2292 lamulis,
766 2236 797 2283 ut
819 2244 876 2283 eam
897 2227 1011 2283 vinctam
1033 2227 1061 2282 in
1084 2224 1202 2282 tenebris

122 2310 288 2367 clauderent.
333 2312 428 2369 deinde
451 2313 539 2369 evenit
560 2322 590 2368 ut
611 2311 811 2377 includeretur,
841 2321 869 2368 et
896 2313 1013 2368 instante
1035 2327 1123 2385 poena
1144 2312 1203 2364 An-

122 2395 212 2469 tiopae
234 2397 354 2470 luppiter
375 2397 574 2471 pulchritudine
596 2397 724 2453 seductus
754 2406 779 2451 et
807 2397 904 2453 ardore
926 2394 1085 2452 concubitus
1108 2411 1165 2450 eam
1188 2410 1203 2448 a

123 2478 236 2543 vinculis
258 2480 379 2536 liberavit
400 2491 427 2537 et
448 2481 649 2554 impraegnavit.
694 2497 727 2536 ex
749 2497 803 2553 qno
827 2479 973 2537 concubitu
996 2480 1023 2535 in
1045 2479 1203 2534 Cithaerone

122 2572 216 2619 monte
230 2565 342 2620 Zethum
358 2575 385 2621 et
400 2565 577 2636 Amphionem
597 2564 760 2638 procreavit.
805 2565 852 2638 qui
874 2564 978 2620 educati
1001 2580 1015 2618 a
1037 2562 1201 2638 pastoribus,

124 2658 268 2721 postquam
297 2659 382 2705 mater
412 2650 526 2722 Antiopa
555 2649 683 2722 cognovit
712 2664 758 2704 eos
787 2657 815 2703 et
843 2648 880 2705 eis
911 2647 1030 2713 rettulit,
1066 2647 1202 2721 quomodo

123 2732 207 2790 luerit
228 2750 242 2788 a
264 2733 340 2790 llirce
361 2743 488 2798 tractata,
518 2734 618 2807 Lycum
648 2731 845 2790 interfecerunt
874 2742 902 2791 et
924 2733 1047 2791 iniuriam
1069 2735 1202 2806 Antiopae

122 2819 215 2874 matris
237 2819 327 2874 Dirces
357 2818 487 2892 supplicio
516 2819 728 2876 vindicaverunt.
773 2835 833 2875 nam
862 2818 897 2875 ob
920 2817 1028 2876 crudele
1055 2818 1201 2882 servitium,

123 2903 198 2977 quod
220 2903 244 2960 ei
266 2903 389 2960 lucrata
411 2904 486 2961 llirce
508 2904 680 2978 impositum,
709 2904 812 2960 crudeli
840 2913 918 2961 tauro
947 2903 1073 2978 illigatam
1103 2905 1131 2960 in
1153 2904 1202 2960 sil-

122 3007 181 3044 vam
205 2989 371 3045 dimiserunt.
415 2989 478 3046 hino
499 2988 561 3046 lons
583 2989 628 3046 ille
655 2987 805 3064 appellatus
834 3000 875 3048 est
897 2991 1004 3056 Dirces,
1036 2990 1083 3064 qui
1105 2988 1202 3046 Thebis

123 3074 225 3130 vicinus
248 3084 302 3138 est,
333 3075 405 3148 quod
435 3092 467 3131 ex
494 3074 554 3149 ipso
582 3075 644 3131 loco
667 3075 773 3148 inquo
797 3092 856 3132 ossa
880 3076 993 3133 collecta
1015 3085 1080 3131 sunt
1101 3076 1200 3140 llirces,

122 3169 237 3215 emanat.
324 3160 468 3233 Antiopam
493 3177 667 3217 verrucosam
688 3160 797 3217 Persius
820 3161 898 3226 dixit,
922 3178 991 3236 quae
1013 3161 1083 3234 apud
1107 3161 1202 3216 biroen

123 3244 230 3301 servitio
260 3261 389 3318 oppressa
420 3247 446 3301 in
474 3245 601 3319 squalore
628 3246 689 3302 luit.
733 3246 772 3301 sic
801 3243 987 3320 [Pacatoias‘l]
1026 3245 1114 3301 illuvie
1137 3262 1202 3301 cor-

122 3330 196 3403 poris
219 3331 246 3385 dt
268 3347 344 3386 coma
366 3331 496 3403 promissa
518 3331 621 3405 impexa
643 3331 843 3404 conglomerata
865 3341 946 3405 atque
960 3317 1095 3387 liorrida'.
1138 3346 1202 3386 ver-

123 3431 204 3472 rucae
225 3415 340 3488 papulae
362 3416 519 3472 eminentes.
629 3418 668 3474 80
692 3425 800 3488 sartago
829 3418 987 3490 metaphora
1009 3431 1060 3487 pro
1083 3413 1203 3487 garruli-

124 3500 184 3555 tatis
207 3503 303 3557 ardore
326 3509 353 3557 et
374 3510 485 3574 argutae
506 3501 564 3556 sine
592 3517 691 3564 sensu,
722 3500 807 3574 qualis
830 3511 871 3557 est
899 3500 1028 3574 strepitus
1051 3498 1201 3572 sartaginis.

210 3587 249 3644 82
274 3584 430 3641 Trossulum
464 3585 592 3659 oppidum
621 3584 672 3640 luit
693 3585 814 3642 Etruriae
843 3603 898 3642 non
928 3586 1008 3657 longe
1029 3601 1045 3639 a
1066 3584 1201 3642 Volsiniis.

123 3669 176 3724 lroc
198 3672 301 3744 equites
323 3671 434 3726 Romani
464 3671 522 3726 sine
553 3669 689 3744 peditibus
717 3679 939 3744 expugnaverunt
960 3670 1056 3725 Numio
1085 3671 1202 3743 quodam

124 3754 200 3809 duce.
245 3757 316 3811 unde
344 3756 448 3828 equites
469 3756 581 3812 Romani
610 3754 720 3811 trossuli
750 3755 812 3811 dicti
840 3764 913 3811 sunt.
958 3762 1004 3810 aut
1025 3755 1110 3810 torosi
1131 3754 1200 3810 adu-

122 3837 265 3896 lescentes.
309 3840 443 3896 trossulus
466 3841 492 3897 id
513 3850 554 3898 est
575 3839 663 3895 brevis
693 3849 720 3896 et
742 3849 896 3914 compactae
920 3850 1038 3896 naturae.
1125 3839 1199 3906 levis,

211 4023 243 4071 76
261 4020 325 4071 accii
343 4021 367 4070 P
434 4023 464 4073 81
483 4022 547 4073 istut
564 4019 671 4072 Pistnd
686 4037 718 4087 p:
737 4020 804 4072 istuc
823 4028 847 4071 ot
