2656 4440
119 207 160 267 32
602 211 706 266 PERSll

122 382 211 461 alges,
234 401 301 443 cum
325 385 453 447 excussit
474 384 615 446 membris
636 385 726 446 timor
747 386 831 448 albus
853 388 972 464 aristas3
1159 399 1200 451 tta

122 486 203 528 nunc
226 468 289 529 lace
312 471 463 549 supposita
486 471 621 532 fervescit
642 472 763 549 sanguis
785 481 815 533 et
834 473 879 533 ira

121 552 281 614 scintillant
304 555 391 629 oculi,
414 556 545 635 dicisque
567 557 697 634 facisque
719 557 799 635 quod
821 557 883 636 ipse

122 656 183 697 non
207 639 271 700 sani
294 658 357 702 esse
380 641 509 703 bominis
531 661 593 702 non
617 660 706 702 sanus
728 642 806 703 iuret
827 633 965 706 Orestes.³

638 844 681 915 lV

117 968 204 1038 ‘Rem
227 980 330 1059 populi
351 972 471 1040 tractas'
498 979 651 1040 barbatum
673 981 745 1041 baec
767 982 855 1042 crede
876 983 1050 1063 magistrum

121 1063 229 1141 dicere,
253 1065 376 1126 sorbitio
400 1065 476 1125 tollit
497 1083 587 1143 quem
610 1064 672 1125 dira
695 1066 807 1127 cicutae

118 1139 191 1226 ‘quo
215 1149 331 1212 fretus?
354 1151 400 1211 dic
424 1151 490 1228 boc,
515 1151 613 1230 magni
636 1151 748 1229 pupille
770 1150 886 1212 Pericli.

122 1234 235 1295 scilicet
257 1235 413 1315 ingenium
435 1244 465 1296 et
487 1254 586 1296 rerum
610 1236 768 1315 prudentia
791 1237 874 1297 velox

123 1328 192 1379 ante
215 1320 292 1400 pilos
314 1321 404 1394 veuit,
427 1322 548 1384 dicenda
571 1322 729 1381 tacendave
752 1321 849 1383 calles.

122 1422 193 1483 ergo
216 1404 268 1466 ubi
291 1415 437 1467 commota
461 1408 554 1467 servet
576 1406 728 1485 plebecula
751 1405 819 1482 bile,

122 1489 181 1549 lert
202 1491 318 1552 animus
341 1492 452 1552 calidae
475 1491 578 1552 secisse
600 1491 716 1551 silentia
738 1491 842 1552 turbae

121 1575 273 1636 maiestate
296 1594 411 1637 manus.
456 1577 527 1655 quid
549 1576 655 1636 deinde
677 1575 823 1654 loquere?
843 1568 1009 1648 “Quirites,

125 1659 182 1720 boc
205 1669 276 1739 puta
299 1680 360 1722 uon
383 1662 493 1723 iustum
516 1670 570 1735 est,
594 1661 664 1721 illud
689 1661 772 1735 male,
796 1662 907 1723 rectius
930 1651 1031 1722 illud.’'

123 1744 181 1805 scis
204 1746 314 1807 etenim
337 1747 445 1808 iustum
468 1748 587 1824 gemina
609 1748 792 1824 suspendere
813 1748 898 1809 lance
1172 1754 1199 1804 1o

57 1931 61 1938 ¹
123 1943 196 2015 quod
227 1944 365 2018 impatiens
396 1946 439 2000 sit.
494 1944 588 2000 radere
615 1946 659 2002 hic
685 1962 843 2018 exasperare
864 1944 928 2001 dicit
949 1942 1105 2016 vulgariter.
1163 1951 1204 2000 est

122 2027 189 2083 alter
217 2045 327 2085 sensus:
358 2046 412 2085 noo
442 2028 544 2085 levibus
573 2038 619 2086 aut
644 2031 821 2105 popularibus
844 2029 909 2086 cibis
930 2030 971 2085 tui
992 2028 1090 2085 lastidii
1111 2028 1202 2086 ulcera

124 2122 239 2186 possunt
271 2115 391 2188 purgari.
435 2114 488 2170 boc
520 2123 561 2170 est
592 2118 665 2188 quod
696 2115 732 2171 ait
752 2115 856 2188 plebeia
878 2115 971 2172 radere
992 2113 1064 2171 beta.
1109 2113 1202 2171 radere

124 2205 213 2252 autem
235 2198 270 2254 ait
293 2208 446 2272 extergere,
478 2209 507 2255 ut
529 2200 653 2257 Horatius
677 2201 742 2276 [sot.
760 2202 787 2262 2,
807 2202 834 2263 2,
852 2199 902 2274 24]
918 2195 986 2256 ‘hoc
1008 2199 1100 2272 potius
1123 2215 1202 2274 quam

124 2281 222 2356 gallina
254 2292 360 2357 tergere
392 2276 529 2358 palatum'.
621 2289 677 2345 115
702 2283 895 2342 tremebundus
927 2285 1039 2342 efficeris
1072 2291 1100 2341 et
1132 2284 1201 2359 pilos

124 2367 213 2441 erigis.
257 2370 350 2425 aristas
372 2371 442 2426 enim
465 2386 515 2444 pro
536 2371 599 2444 pilis
619 2372 720 2445 posuit.

207 2453 241 2510 tv
268 2459 281 2513 1
306 2455 348 2512 bic
371 2457 404 2513 de
426 2457 456 2512 iis
480 2457 551 2522 dicit,
576 2458 621 2531 qui
643 2457 754 2514 honoris
776 2455 863 2529 cupidi
885 2472 968 2529 supra
983 2454 1093 2511 modum
1108 2455 1202 2512 aetatis

123 2555 186 2595 suae
219 2540 320 2614 publici
353 2542 540 2599 moderaminis
573 2542 754 2616 gubernacula
788 2549 923 2614 quaerunt
955 2540 1101 2614 suscipere,
1130 2540 1201 2614 quod

124 2623 256 2698 siguificat
286 2644 336 2700 per
369 2628 547 2692 Alcibiadem,
582 2629 627 2702 qui
656 2628 764 2685 relictus
786 2643 799 2682 a
822 2635 898 2700 patre
920 2625 970 2681 sub
994 2625 1076 2682 tutela
1098 2625 1200 2688 Pericli.

124 2726 187 2783 prae
220 2709 358 2769 nobilitate
390 2721 417 2769 ct
450 2713 544 2769 divitiis
577 2731 645 2787 puer
677 2731 733 2770 rem
765 2711 899 2786 publicam
925 2711 1129 2767 Atheniensium
1152 2711 1201 2769 ad·

123 2795 290 2852 ministravit.
421 2799 439 2855 2
463 2799 587 2853 Socrates
616 2814 678 2852 cum
706 2798 921 2853 incriminaretur
949 2795 982 2852 de
1011 2795 1083 2868 turpi
1112 2810 1203 2853 amora

126 2877 267 2934 Alcibiadis
291 2880 413 2954 discipuli
434 2882 492 2946 sui,
518 2898 651 2937 venenum
672 2882 698 2935 iu
722 2898 827 2937 carcere
849 2881 951 2955 accepit
973 2897 1028 2954 quo
1051 2880 1202 2954 puniretur.

211 2966 228 3021 3
252 2965 348 3020 merito
372 2965 434 3020 dicit
456 2964 559 3038 pupille
581 2966 686 3029 Pericli,
710 2966 770 3039 quia
793 2964 843 3020 sub
867 2966 949 3022 tutela
965 2965 1061 3022 Pericli
1077 2966 1204 3024 avunculi

125 3046 167 3103 sui
190 3048 313 3122 degebat,
337 3058 364 3104 et
387 3057 489 3105 tutores
512 3051 604 3105 dicunt
624 3050 742 3122 pupillos
763 3067 828 3106 suos
851 3049 947 3124 quibus
969 3050 1080 3108 tutelam
1094 3060 1204 3125 gerunt.

211 3137 228 3191 5
251 3133 321 3208 pilos
342 3152 393 3209 pro
417 3132 498 3189 barba
522 3135 622 3207 posuit.
710 3136 727 3193 8
751 3134 865 3203 Quirites
886 3135 995 3193 abusive
1017 3152 1067 3210 pro
1091 3136 1204 3195 civibus·

126 3216 241 3285 Quirites
270 3222 339 3277 euim
368 3221 437 3276 cives
465 3220 576 3275 Romani
603 3228 677 3276 sunt.
783 3225 818 3279 to
841 3238 932 3278 revera
955 3221 1006 3278 scis
1027 3221 1204 3280 iustitiamin

124 3302 200 3362 lance
220 3322 345 3379 pensare,
368 3313 395 3361 et
416 3304 499 3378 ipsius
522 3305 618 3361 dubiae
638 3305 721 3362 lancis
742 3307 930 3364 rectitudinem
946 3307 1025 3363 calles
1042 3307 1204 3382 discernere,

212 3498 260 3548 115
273 3496 387 3562 Algeta
459 3496 506 3547 116
519 3509 569 3546 uun
583 3496 746 3562 sincchr.
815 3497 1164 3563 irquuiplcneacribcrc
1180 3513 1205 3550 ut

126 3561 193 3612 solet
209 3579 293 3629 noque
309 3569 362 3614 istu
387 3562 482 3613 notula
499 3565 541 3613 ott
557 3565 612 3614 uisi
630 3565 667 3615 ad
684 3566 872 3629 corrigendum
978 3569 1024 3618 tlt
1044 3565 1164 3634 discique
1181 3573 1205 3619 α

211 3631 333 3699 facesque
351 3633 420 3696 Ppr.
492 3633 538 3683 118
558 3636 597 3682 est
615 3639 639 3683 α

211 3697 244 3750 lV
263 3698 295 3751 de
313 3700 353 3752 his
379 3699 422 3766 qui
447 3700 579 3765 ambigunt
606 3701 634 3765 (i.
653 3702 777 3764 ambiunt)
804 3701 957 3753 houoresB
979 3703 1070 3767 pudori
1092 3708 1206 3756 saturno

128 3768 304 3817 continuatP
372 3766 489 3818 2sorbiti
508 3768 564 3819 tottt
583 3775 607 3818 α
678 3769 739 3821 dura
758 3776 782 3819 α
851 3769 921 3822 adio
939 3775 994 3832 ος
1063 3770 1206 3836 periclisa

213 3837 228 3885 5
247 3834 390 3887 tacendaue
408 3838 440 3886 P:
461 3836 620 3902 tacendaque
639 3843 663 3886 α
766 3840 781 3889 9
800 3842 863 3902 puto
885 3841 1096 3905 superscriptum
1120 3855 1207 3892 monac

127 3906 229 3953 recenti
250 3905 279 3953 io
305 3905 340 3955 P:
365 3908 425 3969 puta
449 3908 529 3955 ctiam
553 3906 710 3956 Montanus
729 3904 803 3956 GLK.
822 3906 865 3957 111
882 3922 912 3972 p.
930 3906 963 3958 65
1048 3906 1107 3959 illut
1129 3912 1208 3961 utro·

128 3971 207 4036 bique
224 3973 247 4023 P
316 3974 346 4022 to
365 3972 465 4037 gemina
483 3975 513 4023 in
530 3974 647 4040 geminae
665 3977 800 4025 mutatum
817 3976 840 4025 P
