2656 4440
127 225 167 283 92
577 223 752 276 lVVENAlJS

169 398 284 476 respice
308 416 390 458 nunc
412 396 467 457 alia
489 416 523 457 ac
546 396 658 456 diversa
681 397 812 476 pericula
835 397 947 459 noctis:

127 484 205 562 quod
229 483 357 562 spatium
380 482 465 543 tectis
486 481 662 543 sublimibus
684 483 763 542 unde
787 483 944 543 cerebrum

126 578 200 629 testa
223 569 300 642 ferit,
324 568 462 646 quotiens
484 567 592 627 rimosa
615 577 645 627 et
667 576 750 628 curta
773 568 912 629 fenestris

126 672 192 714 vasa
215 654 330 725 cadant,
354 661 465 730 quanto
489 670 663 731 percussum
686 652 818 731 pondere
841 654 961 733 signent

126 749 156 799 et
178 738 295 799 laedant
316 738 438 798 silicem.
483 737 579 816 possis
601 737 725 815 ignavus
748 737 849 799 baberi

126 833 155 883 et
177 823 266 884 subiti
289 842 374 883 casus
396 823 580 901 inprovidus,
603 823 639 882 ad
663 841 766 883 cenam
789 826 812 883 si

124 908 281 969 intestatus
305 927 370 969 eas:
394 908 466 968 adeo
489 916 535 967 tot
556 908 622 984 lata,
647 917 721 985 quot
742 908 790 968 illa

127 1003 215 1054 nocte
238 1002 340 1072 patent
361 993 463 1071 vigiles
486 1003 515 1052 te
538 1002 749 1070 praetereunte
770 993 926 1053 fenestrae.

125 1096 197 1156 ergo
220 1089 305 1158 optes
327 1089 488 1156 votumque
511 1079 588 1137 seras
610 1078 776 1138 miserabile
799 1089 908 1151 tecum,

124 1174 158 1223 ut
180 1164 240 1224 sint
262 1173 420 1224 contentae
444 1162 559 1241 patulas
580 1163 746 1223 defundere
767 1163 877 1241 pelves.

125 1248 226 1310 ebrius
249 1267 283 1310 ac
306 1249 443 1328 petulans
466 1248 517 1326 qui
541 1248 655 1308 nullum
678 1249 755 1309 lorte
778 1248 893 1321 cecidit,

124 1335 173 1395 dat
195 1353 317 1413 poenas,
342 1344 460 1395 noctem
482 1333 594 1412 patitur
616 1333 746 1412 lugentis
769 1333 895 1394 amicum

125 1418 252 1493 Pelidae,
276 1419 365 1479 cubat
387 1419 417 1478 in
442 1418 557 1488 faciem,
579 1437 648 1479 mox
670 1418 776 1479 deinde
799 1419 941 1496 supinus;

125 1522 196 1581 ergo
220 1524 281 1565 nou
305 1504 389 1564 aliter
411 1504 520 1581 poterit
542 1504 682 1577 dormire,
705 1503 882 1581 quibusdam

124 1607 263 1649 somnum
285 1589 348 1650 rixa
371 1589 449 1650 lacit.
494 1589 546 1649 sed
570 1590 701 1667 quamvis
724 1588 879 1668 improbus
902 1587 988 1647 annis

125 1684 213 1752 atque
236 1692 319 1734 mero
342 1676 460 1734 fervens
483 1684 564 1734 cavet
584 1675 676 1746 hunc,
700 1692 787 1753 quem
811 1673 932 1734 coccina
955 1674 1039 1733 laena

123 1759 205 1818 vitari
230 1759 312 1820 iubet
334 1769 365 1819 et
386 1759 527 1820 comitum
551 1759 743 1838 longissimus
767 1759 849 1831 ordo,

123 1844 249 1903 multum
272 1853 425 1923 praeterea
448 1845 632 1905 flammarum
656 1854 686 1904 et
708 1863 798 1905 aenea
821 1845 942 1922 lampas.

123 1947 182 2001 me,
205 1947 294 2007 quem
317 1931 389 1990 luna
411 1929 487 1990 solet
509 1929 656 1990 deducere
679 1930 724 1989 vel
745 1930 834 1990 breve
856 1929 957 1989 lumen

123 2014 263 2074 candelae
286 2015 371 2075 cuius
393 2014 534 2094 dispenso
558 2024 586 2074 et
609 2027 743 2093 tempero
766 2015 858 2089 filum,

124 2100 299 2159 coutemnit.
345 2099 472 2160 miserae
495 2118 644 2178 cognosce
667 2099 839 2178 prohoemia
861 2099 951 2171 rixae,

123 2184 147 2243 si
171 2184 233 2244 rixa
256 2193 301 2245 est
323 2183 375 2244 ubi
397 2194 430 2243 tu
453 2184 563 2264 pulsaS,
587 2204 642 2263 ego
664 2184 771 2264 vapulo
794 2193 920 2244 tantum.

123 2277 181 2328 stat
203 2279 305 2329 contra
330 2269 461 2347 starique
484 2269 574 2344 iubet,
597 2287 703 2348 parere
726 2287 848 2330 neeesse
872 2276 930 2343 est;
1157 2273 1200 2323 290

121 2457 227 2514 nienses
249 2460 363 2515 mortuis
384 2459 475 2516 solent
495 2459 523 2514 in
546 2475 593 2515 ore
616 2475 753 2514 nummum
776 2458 926 2523 inmittere,
957 2465 988 2512 ut
1008 2454 1079 2527 apud
1100 2452 1201 2510 inleros
1238 2485 1244 2496 ·

121 2559 177 2598 non
205 2552 341 2617 tamquam
368 2544 462 2618 inopes
484 2554 585 2601 errent.
608 2544 680 2600 uude
702 2543 812 2600 naulum
835 2544 921 2599 Charo
943 2541 1064 2613 accipere
1086 2536 1200 2595 solebat.

122 2639 153 2684 ut
175 2627 247 2702 Virg.
271 2627 352 2702 [deo.
377 2632 404 2694 6,
430 2627 502 2702 325]
521 2619 601 2686 ‘baec
622 2629 723 2691 omnis,
747 2645 826 2702 quam
849 2627 951 2693 cernis,
974 2627 1053 2699 inops
1075 2624 1201 2681 inhuma-

122 2721 205 2787 taque
228 2716 307 2770 turba
330 2703 390 2771 est'.
498 2716 558 2772 269
582 2715 653 2770 unde
676 2712 798 2770 cerebro.
821 2713 848 2770 id
870 2721 911 2769 est
932 2710 1075 2768 coniuncte
1097 2719 1200 2783 quanto

121 2798 149 2852 in
172 2798 278 2855 excelso
301 2800 355 2854 sint
376 2799 487 2856 insulae.
583 2801 643 2857 275
667 2798 743 2872 quasi
765 2816 814 2872 per
836 2815 930 2854 omnes
951 2797 1081 2854 lenestras
1103 2795 1202 2851 iactare

122 2881 226 2937 soleant
248 2890 276 2938 ot
298 2893 469 2940 transeuntes
492 2883 623 2940 occidere.
711 2885 771 2942 277
794 2883 848 2939 boc
869 2883 926 2955 tibi,
949 2882 1045 2956 inquit,
1069 2889 1133 2954 opta
1149 2896 1201 2953 pro

122 2967 174 3022 vita
196 2973 227 3021 ut
247 2976 368 3024 stercore
388 2967 559 3041 perfundaris
581 2969 672 3042 potius
695 2985 775 3042 quam
797 2969 848 3025 alio
865 2969 939 3043 gravi
952 2967 1073 3042 pondere
1087 2964 1200 3022 leriaris.

208 3052 267 3109 277
293 3053 408 3108 conchas
430 3053 456 3107 in
480 3053 579 3126 quibus
602 3054 684 3127 pedes
705 3054 806 3110 lavant.
829 3062 876 3110 aut
897 3070 957 3109 vasa
979 3051 1078 3109 fictilia.
1102 3043 1201 3111 modei-

120 3157 249 3215 νιπτρα.
380 3139 440 3196 279
473 3138 612 3212 quomodo
636 3139 755 3195 Achilles
776 3149 894 3196 maestus
916 3138 968 3195 luit
989 3154 1039 3212 pro
1064 3134 1198 3198 Patroclo,

121 3222 230 3296 quando
253 3222 357 3279 occisus
380 3235 434 3287 est,
459 3223 496 3279 sie
518 3225 654 3296 passivus
677 3225 698 3280 si
722 3225 851 3281 neminem
875 3224 1010 3280 ceciderit.
1033 3238 1089 3277 non
1110 3229 1201 3294 potest

122 3307 240 3364 dormire
261 3309 319 3364 sine
340 3307 396 3364 lite.
484 3310 544 3368 283
567 3308 643 3366 laeua
665 3311 739 3383 quod
761 3309 853 3366 divites
876 3309 939 3365 olim
960 3305 1115 3363 utebantur.
1135 3321 1201 3361 coc·

122 3393 178 3448 cina
202 3409 339 3490 purpurea
362 3393 434 3456 dixit,
458 3404 488 3450 ut
510 3394 582 3467 Virg.
608 3393 687 3469 [Aeo
711 3398 739 3459 4,
763 3383 867 3467 262]‘
870 3392 998 3465 varioque
1014 3390 1124 3447 ardebat
1138 3408 1201 3446 mu-

121 3478 176 3533 rice
202 3465 298 3534 laena'.
321 3487 368 3535 aut
389 3479 493 3553 antiqui
513 3479 712 3553 amphimallum
736 3479 839 3536 laenam
860 3474 1039 3550 appellabant.
1138 3477 1198 3534 287

121 3561 197 3617 cuius
220 3563 345 3620 candelae
366 3581 498 3663 papyrum
520 3564 687 3638 temporibus
709 3564 826 3637 partior,
855 3572 886 3618 ut
909 3562 996 3618 duret.
1085 3561 1145 3620 289
1169 3569 1201 3616 ut

121 3647 262 3704 Terentius
285 3647 347 3746 [Ad.
372 3639 473 3722 213]‘
478 3667 529 3723 ego
552 3648 713 3724 vapulando,
737 3648 783 3704 ille
804 3647 981 3711 verberando
1012 3663 1098 3720 usque
1120 3643 1199 3701 ambo

120 3731 216 3788 defessi
238 3751 350 3789 sumus.

210 3915 259 3965 269
278 3914 383 3965 cerebro
399 3920 466 3979 puto
485 3915 550 3980 Ppr.
655 3914 704 3966 271
724 3913 850 3978 cadeutp
950 3915 996 3966 281
1018 3913 1121 3964 delebat
1137 3911 1198 3961 Hei-

124 3979 240 4031 aerleius
258 3984 500 4046 interrogationem
517 3983 641 4048 plerique
657 3979 768 4042 faciunt
837 3984 886 4034 288
904 3981 999 4048 premia
1015 3999 1036 4048 p
