2624 4434
113 225 154 284 86
600 221 705 276 Phustt

115 396 296 475 nequiquam
320 395 432 475 populo
456 394 571 456 bibulas
594 394 750 455 donaveris
771 411 867 455 aures.

117 500 226 560 respue
249 482 329 560 quod
352 499 414 541 non
437 499 477 555 es,
501 480 585 540 tollat
607 499 659 541 sua
683 496 807 540 munera
830 479 930 540 cerdo.

115 577 215 628 tecum
237 565 352 626 habita:
377 565 459 627 noris
481 583 571 644 quam
593 565 632 626 sit
653 564 705 626 tibi
728 573 811 625 curta
834 564 978 644 supellex.

636 801 664 871 V

116 936 238 998 Vatibus
260 935 308 997 hic
331 953 395 997 mos
418 944 473 1009 est,
495 944 617 997 centum
640 936 696 997 sibi
717 954 841 1016 poscere
862 952 960 1008 voces,

116 1031 238 1083 centum
261 1039 313 1082 ora
336 1030 365 1081 et
388 1021 504 1100 linguas
526 1030 629 1100 optare
651 1021 682 1081 in
706 1020 837 1082 carmina
859 1028 990 1095 centum,

118 1107 218 1168 sabula
240 1125 293 1169 seu
315 1114 427 1168 maesto
448 1115 579 1186 ponatur
600 1105 707 1167 hianda
730 1105 882 1185 tragoedo,

116 1193 241 1252 vulnera
262 1209 316 1253 seu
338 1190 438 1251 Parthi
462 1191 597 1252 ducentis
619 1191 655 1251 ab
679 1191 802 1270 inguine
825 1191 947 1251 ferrum.

114 1270 272 1356 ‘quorsum
295 1273 392 1336 haec?
413 1283 465 1337 aut
486 1284 612 1354 quantas
634 1275 748 1338 robusti
772 1275 911 1337 carminis
934 1274 1006 1337 ollas
1186 1289 1200 1338 t

114 1362 235 1442 ingeris,
259 1370 292 1422 ut
314 1360 428 1439 parsit
451 1370 580 1421 centeno
603 1368 722 1440 gutture
745 1358 822 1422 niti‘l

116 1448 229 1527 grande
251 1446 380 1507 locuturi
403 1445 527 1507 nebulas
550 1445 694 1507 Helicone
716 1445 850 1524 legunto,

116 1532 140 1593 si
165 1531 273 1609 quibus
295 1539 346 1591 aut
367 1531 499 1592 Procnes
522 1539 572 1592 aut
595 1531 620 1592 si
643 1530 752 1610 quibus
774 1530 831 1590 olla
855 1528 1001 1609 Thyestae

115 1718 246 1776 iacientes
269 1726 371 1792 cogunt
393 1721 536 1775 memorari
558 1718 703 1776 debitores.
778 1721 815 1777 51
840 1716 971 1775 barbarus
992 1717 1039 1775 ille
1060 1718 1200 1793 imperitus

116 1804 207 1860 nescio
232 1803 292 1878 quis
315 1820 348 1860 en
369 1802 472 1878 populo
502 1802 552 1860 sibi
573 1803 682 1876 habeat,
711 1803 784 1878 quod
813 1811 840 1860 te
861 1802 962 1860 laudat.
1006 1811 1054 1860 aut
1073 1820 1148 1861 unus
1170 1821 1201 1862 ex

114 1888 218 1962 vicinis,
240 1905 321 1964 quem
342 1887 499 1963 alloquitur,
521 1888 618 1946 habeat
639 1888 735 1946 falsum
757 1889 948 1946 testimonium.
992 1904 1042 1962 per
1057 1888 1201 1947 cerdonem

115 1973 247 2047 plebeiam
270 1973 378 2030 turbam
399 1972 541 2046 significat.
584 1975 620 2030 ita
642 1973 762 2048 populus
784 1973 871 2030 dctus
894 1967 959 2035 ἀπὸ
977 1977 1039 2034 τοῦ
1064 1973 1201 2055 κέρδους

115 2057 141 2113 id
164 2067 206 2115 est
229 2075 243 2115 a
265 2058 353 2115 lucro.
441 2059 480 2115 52
504 2058 642 2115 translatio
666 2057 699 2115 ab
722 2069 888 2132 angustare
912 2057 1044 2115 familiari.

201 2142 223 2197 V
249 2145 262 2200 1
287 2143 357 2198 hanc
388 2142 496 2197 satiram
525 2142 617 2199 scribit
645 2144 679 2200 ad
702 2144 862 2201 Cornutum.
906 2144 1009 2219 inqua
1038 2160 1087 2201 eos
1110 2144 1202 2219 culpat

115 2235 219 2302 poetas,
244 2228 289 2302 qui
312 2225 403 2283 solent
423 2227 454 2282 ad
478 2229 598 2283 ornanda
620 2244 668 2283 sua
690 2229 815 2293 carmina,
840 2237 974 2304 tamquam
995 2229 1051 2286 sint
1068 2230 1161 2304 gravia
1176 2241 1202 2287 et

114 2311 247 2385 diflicilia,
276 2321 384 2369 centum
407 2310 512 2386 linguas
536 2321 564 2370 et
585 2320 692 2369 centum
716 2329 796 2370 voces
820 2331 980 2388 exposcere,
1008 2315 1201 2390 quodcumque

116 2415 186 2473 opus
217 2398 302 2455 velint
333 2397 467 2463 scribere,
497 2398 552 2454 sive
580 2397 650 2454 bella
672 2398 727 2454 sive
747 2400 908 2472 tragoedias.
953 2399 1017 2456 dicit
1038 2407 1132 2457 autem
1153 2399 1202 2456 sihi

112 2483 144 2539 iis
166 2484 279 2541 vocibus
302 2500 372 2557 opus
394 2500 450 2540 non
473 2500 542 2557 esse,
564 2483 604 2540 uti
627 2484 673 2557 qui
694 2482 807 2540 mediam
830 2483 947 2541 etvilem
962 2484 1063 2541 satirici
1076 2486 1201 2542 carminis

113 2569 253 2626 materiam
275 2567 377 2626 scribit.
421 2567 596 2643 superciliosa
618 2577 742 2643 poemata
768 2567 949 2626 scribentibus
970 2585 1030 2625 mos
1053 2577 1096 2626 est
1119 2569 1201 2627 iorsi-

114 2661 160 2709 tan
182 2638 253 2711 i'ntra
276 2671 306 2711 se
328 2663 422 2728 optare
443 2654 505 2719 hoc,
535 2654 654 2727 alioquin
676 2655 703 2710 in
726 2651 802 2710 nullo
826 2654 974 2710 carminum
995 2662 1128 2711 notorum
1149 2654 1202 2712 tale

115 2748 208 2794 votum
229 2747 279 2804 est,
302 2740 350 2795 sed
372 2747 478 2796 tantum
499 2738 649 2813 hyperbole
672 2746 722 2795 est.
790 2740 807 2796 3
831 2738 937 2795 hianda.
960 2755 975 2795 a
997 2738 1071 2796 vocis
1093 2740 1201 2815 magni·

115 2819 209 2877 tudine
237 2821 279 2880 vel
310 2822 363 2878 oris
386 2823 551 2880 diductione.
580 2823 622 2879 vel
644 2822 723 2879 etiam
745 2822 778 2878 ab
800 2822 893 2880 habitu
915 2840 1110 2898 personarum,
1135 2842 1202 2901 qaras

114 2906 201 2961 acturi
228 2906 371 2979 accipiunt.
503 2910 522 2965 4
544 2906 695 2980 specialiter
724 2907 814 2964 Parthi
836 2909 945 2966 nomine
966 2927 1033 2966 usus
1055 2918 1112 2975 est,
1140 2927 1202 2968 cum

116 2989 277 3062 generaliter
306 2989 435 3046 barbaros
462 2990 603 3065 significet
634 2991 685 3047 hoc
714 3000 741 3048 et
764 2991 890 3050 Horatius
913 2993 949 3050 ait
970 2993 1036 3068 [sat.
1054 2996 1083 3060 2,
1104 2999 1132 3061 1,
1153 2993 1202 3070 15]

117 3068 182 3131 ‘aut
202 3073 318 3132 labentis
346 3091 416 3150 equo
446 3076 587 3151 descripsit
613 3073 724 3133 vulnera
752 3073 864 3134 Parthi'.
995 3080 1013 3138 8
1036 3080 1145 3138 Procm
1167 3079 1202 3138 ob

115 3168 241 3234 stuprum
262 3161 379 3226 sororis,
410 3162 484 3234 quod
506 3179 521 3219 a
543 3161 638 3218 marito
665 3172 706 3219 est
727 3179 890 3238 compressa,
915 3164 1010 3222 dolens
1031 3162 1103 3222 filios
1125 3183 1201 3231 suos,

116 3261 185 3319 quos
217 3247 250 3304 de
278 3246 363 3303 Tereo
396 3246 491 3304 marito
520 3246 629 3312 habuit,
664 3247 762 3305 occidit
792 3249 870 3322 eique
892 3249 1040 3323 epulandos
1064 3251 1202 3326 apposuit.

115 3329 237 3389 similiter
258 3341 287 3389 et
308 3333 406 3389 Atreus
428 3331 548 3408 Thyestis
581 3333 672 3391 fratris
703 3333 773 3390 filios
802 3333 937 3392 interiecit
958 3343 1105 3410 propterea
1129 3335 1203 3412 quod

117 3412 174 3472 eius
195 3418 288 3475 uxoris
311 3416 442 3474 adulterio
465 3417 601 3484 utebatur,
625 3429 652 3476 et
674 3419 698 3476 ei
720 3419 753 3476 de
774 3419 836 3476 liliis
858 3420 914 3476 suis
937 3420 1030 3496 epulas
1051 3437 1202 3498 praepara-

116 3496 162 3554 vit.
187 3503 232 3575 qui
261 3504 360 3559 Auens
389 3501 487 3560 habere
519 3504 657 3562 dicebatur
690 3521 790 3578 agnum
822 3505 966 3579 purpureis
992 3505 1146 3576 velleribus,
1170 3508 1203 3566 de

119 3596 174 3654 quo
203 3587 312 3644 oraculo
340 3604 503 3662 responsum
530 3588 620 3647 luerat
647 3598 700 3647 tam
722 3590 767 3647 diu
790 3591 996 3665 imperaturum,
1019 3592 1109 3651 donec
1131 3599 1204 3651 esset

168 3765 200 3814 tt
218 3764 355 3820 uibnlasP
434 3773 464 3822 51
485 3768 639 3836 Respuatdt
703 3772 811 3823 estotP
880 3772 913 3823 52
926 3770 1013 3824 habita
1025 3773 1055 3823 ut
1066 3773 1139 3825 noris
1153 3780 1199 3840 ap

203 3828 276 3884 Vad
299 3836 448 3902 magistrum
474 3838 591 3905 equitum
616 3839 754 3891 Cornutum
778 3840 802 3890 P
887 3841 903 3891 4
925 3839 993 3906 parti
1014 3839 1038 3890 Ρ
1061 3840 1154 3907 parchi
1177 3847 1201 3892 α

170 3898 331 3954 tcarminnr
357 3903 421 3957 ollas
449 3912 473 3956 α
612 3906 674 3961 tsi
697 3907 772 3975 quib;
802 3907 824 3957 P
845 3922 916 3961 corr.
934 3906 1052 3969 fortasse
1078 3925 1115 3962 σω
1141 3908 1200 3977 quis

203 3978 311 4029 procnes
330 3977 353 4020 α
371 3987 498 4039 progenes
515 3974 540 4024 P
