2656 4440
544 233 648 287 PERSll
666 233 743 287 Vlla
1143 236 1182 294 59

105 403 227 465 Petroni
243 403 432 467 Aristocratis
447 406 600 485 Magnetis,
625 426 699 484 quos
721 409 810 469 unice
833 409 956 469 miratus
978 417 1023 470 est
1038 417 1067 470 et
1082 427 1184 470 aemu-

14 530 16 547 .
104 488 190 564 latus,
213 507 281 550 cnm
305 491 441 569 aequales
463 501 562 552 essent
585 491 717 563 Cornuti,
741 494 841 554 minor
862 495 935 572 ipse.
984 544 986 549 ,

191 574 269 635 idem
293 574 395 636 decem
417 577 479 637 lere
502 576 588 638 annis
615 595 728 638 summo
758 578 882 639 dilectus
905 598 920 639 a
944 578 1032 640 Paeto
1056 579 1185 640 Thrasea

105 669 150 721 est
173 660 213 720 ita
237 671 270 721 ut
292 661 533 741 peregrinaretur
556 679 675 741 quoque
704 681 772 722 oum
801 683 837 724 eo
867 663 1043 742 aliquando,
1074 683 1184 743 cogna-

69 750 165 806 ttam
188 745 254 806 eius
276 744 389 807 Arriam
413 763 533 807 uxorem
556 747 694 807 habente.

192 829 250 891 ruit
271 848 388 891 morum
410 831 639 902 lenissimorum,
666 832 861 892 verecundiae
884 832 1049 910 virginalis,
1072 833 1184 893 formae

104 914 260 995 pulchrae,
282 915 399 994 pietatis
421 935 489 997 erga
513 927 637 978 matrem
660 927 689 977 et
711 936 844 978 sororem
869 926 898 978 ct
914 918 1030 978 amitam
1047 919 1183 997 exemplo

103 1000 290 1062 sufficientis.

191 1086 249 1146 luit
269 1086 357 1165 frugi,
379 1086 514 1165 pudicus.

55 1177 83 1230 lt
192 1171 312 1249 reliquit
332 1169 579 1233 circallSvicies
596 1172 681 1231 matri
704 1180 734 1232 et
754 1172 850 1232 sorori
870 1173 988 1250 scriptis
1010 1180 1125 1231 tantum
1149 1170 1184 1230 ad

105 1263 230 1317 matrem
247 1256 397 1317 codicillis.
428 1256 561 1318 Cornuto
577 1257 690 1333 rogavit
705 1267 738 1317 ut
753 1257 836 1317 daret
851 1257 995 1329 sestertia,
1018 1265 1050 1316 ut
1066 1257 1184 1335 qnidam

105 1340 221 1414 dicunt,
237 1340 270 1414 C,
292 1351 326 1402 nt
340 1341 397 1414 alii,
422 1341 445 1401 L
461 1350 490 1402 et
505 1343 619 1421 argenti
635 1343 703 1402 facti
720 1342 820 1421 pondo
835 1342 938 1419 viginti
955 1351 984 1402 ot
999 1340 1091 1402 libros
1106 1342 1184 1402 circa

105 1428 314 1507 septingentos
330 1426 485 1506 Chrysippi
508 1427 568 1488 sive
590 1427 805 1508 bybliothecam
828 1446 910 1488 suam
931 1446 1059 1488 omnem.
1082 1444 1185 1488 vorum

105 1529 121 1572 a
139 1510 273 1573 Cornuto
288 1511 411 1573 sublatis
425 1511 509 1574 libris
524 1514 651 1590 pecunia
667 1511 831 1581 sororibus,
856 1531 928 1590 quas
951 1513 1075 1573 heredes
1093 1513 1186 1573 frater

56 1604 84 1654 tt
105 1597 225 1669 lecerat,
248 1597 348 1658 relicta
371 1607 425 1658 est.

193 1681 367 1762 scriptitavit
382 1691 413 1743 et
427 1700 494 1743 raro
512 1693 541 1743 et
555 1685 646 1744 tarde.
681 1682 762 1743 hunc
785 1683 880 1761 ipsum
905 1681 1012 1743 librum
1035 1683 1185 1761 inperser-

106 1777 170 1828 tnm
204 1767 332 1846 reliquit.
388 1785 491 1829 versus
522 1768 612 1847 aliqui
641 1768 751 1847 dempti
785 1776 856 1828 sunt
889 1767 992 1827 ultimo
1026 1767 1118 1840 libro,
1154 1775 1186 1829 ut

106 1853 190 1931 quasi
212 1853 315 1914 finitus
336 1861 421 1914 esset.
458 1852 562 1913 leviter
585 1854 720 1914 correxit
743 1853 895 1914 Cornutus
917 1862 945 1912 et
969 1853 1070 1913 Caesio
1093 1852 1183 1914 Rasso

105 1938 230 2019 petenti,
252 1946 286 1998 nt
307 1938 371 2018 ipse
393 1937 504 2012 ederet,
527 1938 645 1999 tradidit
668 1938 824 1999 edendum.

58 2029 86 2080 at
192 2024 353 2103 scripserat
374 2024 404 2084 in
428 2023 555 2102 pueritia
571 2023 694 2085 Flaccus
709 2024 797 2084 etiam
821 2032 1002 2102 praetextam
1026 2033 1055 2082 ct
1071 2021 1183 2082 hodoe-

106 2108 234 2188 poricon
257 2107 367 2169 librum
390 2127 484 2169 unum
508 2117 537 2170 ot
559 2128 669 2188 paucos
698 2111 727 2170 iu
758 2127 875 2170 socrum
899 2107 1045 2168 Thraseae
1074 2108 1104 2168 in
1129 2109 1184 2167 Ar-

105 2193 181 2255 riam
211 2203 334 2255 matrem
358 2212 473 2267 versus,
504 2213 579 2273 quae
608 2213 640 2255 se
668 2204 737 2256 ante
761 2195 853 2254 virum
884 2194 1040 2254 occiderat.
1086 2193 1183 2253 omnia

107 2296 142 2340 ea
163 2287 268 2339 auctor
289 2279 346 2340 luit
367 2278 518 2340 Cornutus
540 2281 626 2340 matri
649 2283 712 2341 eius
734 2290 767 2340 ut
789 2279 929 2339 aboleret.

193 2364 305 2425 editum
328 2363 438 2425 librum
461 2364 605 2426 continuo
629 2365 729 2425 mirari
752 2365 889 2424 homines
912 2372 939 2423 et
963 2363 1092 2442 diripere
1114 2382 1185 2424 coe-

58 2461 86 2513 a
105 2457 227 2528 petunt.

191 2533 319 2596 decessit
340 2543 437 2594 autem
460 2534 531 2594 vitio
553 2533 696 2595 stomachi
719 2550 798 2593 anno
822 2533 924 2592 aetatis
946 2532 1034 2592 XXX.

193 2620 243 2681 sed
267 2637 335 2679 mox
357 2627 390 2679 ut
417 2637 432 2678 a
461 2619 561 2679 schola
589 2619 794 2698 magistrisque
823 2618 961 2687 devertit,
990 2618 1067 2678 lecto
1090 2617 1184 2678 Lucili

106 2702 184 2765 libro
213 2704 328 2765 decimo
355 2705 548 2765 vehementer
575 2715 688 2765 saturas
718 2720 899 2782 componere
928 2704 1048 2763 studuit.
1100 2702 1184 2763 cuius

108 2788 177 2850 libri
199 2788 379 2870 principium
402 2789 533 2851 imitatus
556 2799 601 2851 est
622 2790 677 2851 sibi
700 2789 807 2868 primo,
831 2807 899 2848 mor
915 2788 1054 2850 omnibus
1070 2788 1182 2848 detrec·

58 2880 87 2933 tt
106 2881 223 2936 taturus
244 2892 312 2935 cum
333 2881 415 2936 tanta
442 2876 605 2936 recentium
633 2883 789 2954 poetarum
819 2883 848 2934 et
877 2881 1028 2934 oratorum
1057 2875 1182 2935 insecta-

106 2959 198 3033 tione,
221 2968 254 3021 ut
277 2961 363 3021 etiam
380 2960 528 3020 Neronem
546 2961 711 3041 principem
729 2960 805 3020 illius
821 2960 964 3038 temporis
979 2960 1183 3040 inculpaverit

106 3044 192 3107 cuius
213 3062 316 3106 versus
337 3044 368 3105 in
392 3045 541 3106 Neronem
565 3064 631 3106 cum
655 3047 694 3106 ita
717 3064 748 3106 se
771 3044 894 3105 haberet
920 3038 1081 3106 ‘auriculas
1109 3045 1183 3106 asini

105 3128 182 3191 blida
205 3148 258 3192 rex
279 3120 395 3203 babet‘‚
419 3131 448 3191 in
473 3148 540 3192 enm
564 3129 685 3191 modum
709 3149 724 3189 a
748 3129 880 3191 Cornuto
903 3131 967 3208 ipso
990 3140 1104 3191 tantum
1129 3149 1183 3190 no-

193 3318 205 3367 1
222 3313 385 3366 Aristocratis
398 3316 535 3365 Pithoeus:
549 3313 734 3379 aristotegratis
747 3313 810 3363 libri
897 3314 912 3364 2
925 3313 1037 3364 minores
1050 3313 1105 3378 ipsa
1119 3314 1183 3363 libri

192 3384 225 3436 10
243 3385 328 3433 tnmmr
347 3383 472 3433 Pithoeus
534 3385 565 3436 11
584 3381 686 3450 qnidam
706 3381 724 3432 G
742 3383 797 3443 (uel
815 3380 923 3444 centies)
940 3385 969 3432 ut
986 3381 1028 3432 alii
1048 3379 1140 3431 uolunt
1158 3387 1184 3433 et

107 3450 172 3501 libri
240 3453 273 3503 14
290 3451 401 3517 pecunia
420 3481 449 3488 -
468 3450 572 3518 reliquit
594 3456 621 3502 et
644 3449 708 3500 libri
794 3451 825 3502 18
845 3453 978 3500 οοηιτειεῐ
996 3449 1041 3499 uel
1058 3449 1185 3500 contraxit

105 3519 153 3569 uel
168 3518 287 3571 recitauit
305 3517 384 3569 libri:
403 3520 513 3570 correxit
531 3518 738 3570 Lartrmtianus.
763 3518 911 3569 retractauit
929 3518 1079 3568 Boulierius
1152 3519 1183 3569 20

107 3588 134 3637 et
153 3578 348 3671 bdorrtopmoiv
362 3588 501 3638 Pronum:
529 3591 555 3638 et
573 3586 647 3638 nocio
665 3591 692 3638 et
710 3587 798 3653 operio
811 3586 956 3636 dernensis
974 3587 1060 3637 nescio
1079 3590 1105 3636 et
1123 3600 1183 3650 ope-

106 3653 178 3707 ricon
194 3656 310 3721 plurumi
327 3655 405 3719 libri,
432 3670 497 3719 orgo
518 3671 649 3720 graecum
672 3658 783 3706 uerbum
801 3655 943 3705 dimidium
960 3657 990 3704 in
1007 3669 1089 3704 uersu
1107 3654 1185 3704 dimi-

107 3721 182 3775 dium
197 3738 282 3789 supra
299 3738 408 3774 uersum
426 3725 594 3790 archetypus.
609 3728 698 3789 potest
714 3720 799 3784 fuisso
820 3724 1025 3788 oschophoricon
1108 3725 1137 3774 21
1159 3721 1184 3772 in

106 3802 209 3843 tomum
228 3790 412 3842 Cmaudonus:
431 3806 548 3844 sororum
566 3792 638 3842 libri.
656 3806 722 3855 ergo
740 3797 817 3841 uetur
834 3792 901 3842 ordo
920 3793 964 3842 lu'o
981 3792 1007 3843 in
1020 3791 1119 3842 Arriam
1131 3804 1184 3841 rna-

106 3860 172 3909 trem
188 3873 290 3911 socrum
303 3857 432 3911 Thraseae
502 3861 534 3912 26
552 3858 642 3911 XXllX
660 3857 767 3909 lleizim
835 3861 868 3912 28
886 3859 998 3911 instituit
1018 3861 1083 3910 libri
1151 3860 1184 3910 33

105 3923 114 3975 l
143 3929 281 4047 mum
299 3926 376 3979 modo
394 3932 434 3979 est
455 3928 525 3980 libri.
544 3928 601 3994 ipso
623 3933 677 3978 tum
695 3928 746 3978 lam
765 3930 866 3978 mortuo
893 3932 932 3978 est
954 3928 1126 3978 Heinrichim
1153 3943 1185 3977 oo
