2656 4440
573 243 706 297 snrvtm
723 244 744 296 11

119 420 205 480 triste
228 418 305 479 iaces
327 417 401 478 lucis
424 415 651 494 evitandumque
673 416 812 490 bidental,

122 505 233 565 idcirco
256 503 391 564 stolidam
414 501 537 580 praebet
557 501 611 562 tibi
635 502 740 562 vellere
762 500 882 562 barbam

122 587 280 669 luppiter?
302 598 353 649 aut
376 588 517 665 quidnam
539 596 584 647 εει
606 605 666 666 qua
685 595 718 647 tu
740 588 876 648 mercede
899 586 1022 647 deorum

122 675 231 735 emeris
253 670 422 735 auriculas?
445 672 587 752 pulmone
610 680 640 732 et
661 670 789 733 lactibus
810 668 930 734 unctis?
1167 679 1199 731 ιιι

167 779 235 821 εεεε
257 760 318 819 avia
341 767 392 818 aut
412 768 549 818 metuens
570 756 668 817 dirum
690 765 845 818 matertera
868 755 954 817 cunis

125 845 233 907 exemit
253 863 390 923 puerum,
413 844 603 920 frontemque
625 852 713 922 atque
736 842 792 903 uda
814 841 916 903 labella

125 930 226 990 infami
250 929 341 1010 digito
365 938 393 988 et
416 927 586 990 lustralibus
608 937 676 988 ante
698 927 795 989 salivis

125 1017 231 1094 expiat,
253 1015 368 1076 urentis
391 1014 494 1074 oculos
515 1012 652 1074 inhibere
673 1014 785 1092 perita;

124 1110 198 1161 tunc
221 1099 358 1160 manibus
381 1100 476 1177 quatit
497 1110 527 1159 ει
548 1116 632 1177 spem
654 1117 783 1159 macram
805 1096 939 1177 supplice
961 1104 1030 1156 voto
1172 1104 1201 1154 tt

124 1205 207 1247 nuuc
229 1185 324 1246 Licini
346 1184 375 1244 in
401 1202 528 1264 campos,
551 1201 633 1244 nuuc
656 1183 752 1244 Crassi
774 1183 863 1243 mittit
884 1182 915 1242 in
938 1180 1032 1243 aedis:

213 1375 250 1432 27
286 1372 404 1430 bidental
436 1371 533 1430 dicitur
560 1371 637 1430 locus
667 1372 786 1430 secundo
816 1388 959 1446 percussus
992 1370 1120 1436 fulmine,
1155 1367 1203 1444 qui

125 1459 234 1516 bidente
255 1457 288 1514 ab
310 1456 477 1532 aruspicibus
500 1468 688 1522 consecratur,
721 1475 801 1532 quem
823 1457 924 1514 calcare
946 1456 1021 1513 nefas
1042 1463 1094 1512 εει.
1136 1469 1202 1529 ergo

126 1545 168 1600 bis
190 1543 281 1600 eadem
303 1544 336 1600 de
358 1544 431 1600 caelo
452 1551 537 1609 tacta,
570 1560 639 1618 quac
667 1544 764 1618 expiari
786 1559 842 1598 non
864 1551 980 1616 possunt
1007 1540 1058 1597 nisi
1085 1539 1202 1604 bidente,

126 1628 260 1693 bidental;
284 1639 373 1685 cetera
394 1627 500 1703 fulgura
523 1629 658 1686 immolata
679 1628 800 1703 qualibet
819 1628 906 1683 hostia
926 1633 1118 1702 procurantur.

216 1715 253 1772 30
277 1714 359 1772 lactes
382 1722 446 1770 sunt
467 1713 527 1770 loca
550 1714 577 1770 in
598 1713 726 1771 lateribus
744 1713 794 1770 sub
812 1712 938 1769 umbilico
953 1712 1025 1787 pube
1040 1720 1120 1769 tenus
1136 1710 1203 1767 adeo

128 1799 250 1865 delicata,
273 1810 304 1856 ut
325 1800 429 1874 plagam
453 1799 523 1856 ferre
544 1816 601 1856 non
624 1801 738 1873 possint.
781 1800 843 1855 inde
870 1807 912 1854 est
939 1798 1015 1872 quod
1040 1796 1204 1853 lactidiatum

128 1885 250 1954 dicimus,
274 1885 319 1959 qui
341 1884 409 1940 male
432 1884 466 1940 sit
488 1885 560 1942 calce
582 1901 736 1958 percussus.
777 1883 820 1940 vel
842 1893 914 1940 certe
935 1882 1050 1940 lactibus
1072 1881 1204 1939 intestinis

127 1969 283 2044 pinguibus.
328 1970 370 2026 vel
391 1978 423 2026 ut
444 1969 487 2025 alii
509 1971 617 2037 dicunt,
645 1970 815 2026 membranae
842 1978 906 2025 suut
933 1968 1032 2043 quibus
1060 1967 1206 2024 cohaerent

127 2057 198 2111 inter
220 2073 248 2112 se
270 2055 406 2111 intestina.
503 2058 539 2114 31
565 2065 629 2112 sunt
649 2057 721 2112 aviae
743 2056 872 2129 quaedam
896 2062 923 2111 ει
943 2060 1112 2118 materterae,
1136 2069 1205 2127 quae

128 2140 218 2196 statim
239 2157 354 2214 puerum
376 2156 391 2195 a
412 2139 552 2197 cunabulis
574 2139 693 2197 solutum
714 2141 784 2197 rotis
806 2141 862 2197 suis
885 2139 932 2196 diis
956 2138 1116 2197 caelestibus
1131 2155 1206 2195 com·

128 2225 270 2289 mendant,
299 2225 468 2300 postulantes
496 2226 521 2282 ei
550 2225 651 2282 divitias
678 2226 793 2282 formam
816 2226 886 2281 vires
914 2226 1061 2300 eloquium.
1104 2223 1132 2281 in
1154 2224 1206 2281 hoc

128 2311 248 2383 petendo
264 2310 381 2366 ostendit
402 2318 464 2366 rota
484 2309 623 2367 hominum
645 2312 755 2367 nimium
778 2328 836 2368 esse
857 2310 1019 2384 importuna.
1083 2317 1207 2366 metuens

132 2396 230 2458 divum,
254 2403 285 2450 ut
306 2395 446 2451 Terentius
469 2395 593 2468 [Pborm.
618 2394 690 2469 623]
709 2384 838 2468 ‘fugitans
860 2390 964 2451 litium’
985 2395 1011 2452 id
1040 2401 1082 2452 est
1109 2395 1207 2450 timeus

132 2476 202 2533 lites.
268 2480 361 2534 transit
376 2479 474 2535 iterum
495 2481 528 2536 ad
549 2496 630 2535 vanas
651 2479 856 2553 superstitiones
877 2479 1029 2545 mulierum,
1053 2495 1121 2553 quae
1143 2479 1207 2536 dum

132 2562 166 2617 ad
188 2562 361 2618 nutriendum
381 2563 495 2620 infantes
517 2563 682 2636 acceperint,
714 2580 762 2619 eos
784 2563 867 2636 digito
889 2564 976 2636 turpi,
998 2563 1025 2620 id
1048 2574 1089 2620 est
1109 2564 1207 2631 medio,

133 2645 175 2701 vel
198 2646 286 2702 salivis
308 2646 406 2720 expiari
428 2647 530 2704 fascino
558 2655 663 2721 putant
773 2649 811 2706 33
835 2645 924 2702 infami
946 2648 1028 2722 digito
1051 2648 1087 2704 ait
1108 2648 1207 2714 medic,

133 2732 180 2806 qui
202 2731 389 2787 obscaenitatis
411 2741 460 2796 est,
484 2740 515 2788 ut
531 2733 572 2788 'ait
593 2731 724 2789 luvenalis
745 2731 808 2807 [tc
834 2729 884 2805 52]
904 2721 978 2789 ‘cum
995 2733 1130 2790 Fortunae
1150 2734 1209 2809 ipse

132 2817 229 2873 minaci
252 2818 395 2890 praeberet
422 2817 548 2892 laqueum
576 2818 745 2892 mediumque
774 2818 930 2876 ostenderet
957 2807 1102 2894 ungucm'.
1144 2829 1210 2878 suut

131 2911 220 2958 autem
243 2903 350 2958 nomina
374 2901 518 2976 digitorum
539 2901 621 2961 baec:
650 2903 739 2977 pollex
767 2903 890 2961 salutaris
919 2903 1024 2961 infamis
1046 2904 1208 2963 medicinalis

131 2987 252 3044 ultimus.
338 2986 493 3045 lustralibus
515 2988 619 3053 salivis,
650 2989 815 3063 purgatoriis
842 2988 1018 3048 liberantibus
1040 3008 1155 3064 puerum
1177 3008 1209 3048 er

133 3074 206 3128 omni
227 3072 314 3137 malo,
338 3074 412 3146 quod
434 3074 527 3130 dicunt
547 3075 688 3136 mulieres.
711 3075 823 3132 fascino.
923 3079 962 3135 34
985 3083 1104 3143 urentes,
1128 3076 1209 3133 fasci-

132 3167 237 3214 nantes.
307 3157 428 3216 inbibere
443 3161 535 3233 perita,
559 3160 586 3215 id
601 3168 643 3217 cst
656 3159 800 3234 prohibere
822 3177 857 3218 ue
878 3161 1019 3218 fascirent.
1107 3163 1147 3219 36
1161 3162 1209 3218 Li-

133 3243 218 3299 cinius
242 3244 351 3299 Crassus
372 3243 443 3300 inter
463 3245 597 3300 Romanos
619 3245 844 3319 locupletissimus
867 3246 931 3309 fuit,
962 3247 1021 3302 ideo
1044 3247 1117 3304 dives
1140 3262 1209 3320 cog·

133 3330 294 3384 nominatus.
337 3327 417 3384 buius
440 3346 504 3402 ergo
527 3329 628 3386 divitias
658 3339 734 3403 optat
762 3346 858 3404 puero.
901 3331 945 3388 alii
972 3330 1068 3389 volunt
1088 3332 1210 3388 licinum

133 3422 273 3469 tonsorem
295 3429 326 3468 ac
348 3413 473 3470 libertum
496 3415 610 3488 Augusti
626 3415 743 3471 Caesaris
763 3415 905 3489 significari
927 3416 1108 3489 praedivitem,
1133 3416 1209 3473 cuius

133 3507 338 3555 monumentum
360 3506 402 3554 est
422 3498 532 3572 pretiosi
554 3498 643 3574 operis
665 3499 705 3555 via
727 3499 825 3556 Salaria
853 3518 940 3576 prope
968 3500 1062 3558 urbem
1085 3502 1118 3557 ad
1139 3502 1211 3576 lapi-

135 3583 195 3639 dem
210 3583 367 3639 secuudum.
413 3583 446 3640 de
460 3583 513 3641 hoc
526 3583 635 3641 homine
650 3600 706 3640 non
720 3585 891 3643 invenustum
907 3585 1033 3643 Varronis
1049 3587 1210 3662 epigramma

136 3668 235 3723 fertur:
257 3658 421 3724 ‘marmoreo
443 3668 551 3725 licinus
573 3669 677 3726 tumulo
700 3669 782 3735 iacet,
811 3681 838 3726 at
860 3672 924 3726 Cato
947 3687 1043 3745 parvo,
1066 3674 1210 3750 Pompeius

135 3750 225 3807 nullo:
250 3753 380 3810 credimus
403 3771 461 3810 esse
484 3742 585 3811 deosl’
632 3754 843 3828 synecdochicos
858 3762 947 3811 autem
962 3757 1039 3816 metri
1053 3776 1133 3818 causa
1147 3760 1211 3821 fecit

223 3933 254 3984 27
267 3931 362 3999 iacetp
432 3935 625 3999 uidentaler.
695 3937 727 3987 29
741 3935 933 3989 merccdeorum
946 3944 970 3987 α
1034 3940 1173 4009 utlfxpiea
1186 3944 1212 3996 A

135 4000 287 4066 ExspicaB
356 4005 387 4054 35
401 4008 481 4069 quant
497 4006 523 4054 A
540 4002 665 4071 queritB
734 4005 767 4056 36
785 4005 831 4056 lini
850 4011 874 4055 α
944 4005 1016 4061 hedis
1035 4017 1058 4061 α

187 4098 277 4142 uum
1000 4092 1026 4142 2.
