2656 4440
580 245 714 300 strvttt
732 246 743 298 1
1162 243 1199 302 ll

124 421 167 482 sic
186 413 322 481 “costam
330 419 435 521 longo
458 417 651 480 subduximus
674 407 900 499 Appennino''.'
1170 429 1200 479 95

117 504 217 566 ‘arma
238 495 408 565 virum-
431 523 533 565 nonne
555 505 613 564 boo
635 522 809 583 spumosum
831 512 861 564 et
882 503 993 567 cortice
1015 505 1130 585 pingui,

124 601 160 652 ut
181 591 290 651 ramale
313 599 395 651 vetus
417 590 557 668 vegrandi
580 590 688 651 subere
710 587 850 650 coetum?

123 669 279 754 ‘quidnam
302 675 392 753 igitur
414 684 552 736 tenerum
575 684 604 735 et
626 675 689 736 lara
713 674 827 735 cervice
849 673 1032 753 legendum?

121 754 160 821 “t
148 772 230 821 torva
253 760 449 821 Mimalloneis
471 760 633 838 implerunt
656 777 768 821 cornua
790 759 919 832 bombis,

125 855 156 906 et
177 855 294 925 raptum
316 846 407 906 vitulo
430 856 520 923 caput
541 844 672 906 ablatura
694 844 825 924 superbo

123 930 255 992 Bassaris
278 939 308 990 et
329 930 444 1027 lyncem
467 930 586 991 Maenas
607 930 719 991 flexura
742 929 906 1030 corymbis

126 1017 235 1077 euhion
259 1015 430 1112 ingeminat,
453 1014 626 1094 reparabilis
647 1015 771 1077 adsonat
792 1004 906 1075 echd'.

123 1103 198 1162 haec
220 1103 336 1175 fierent,
359 1101 383 1161 si
405 1099 533 1162 testiculi
556 1119 629 1161 vena
651 1100 710 1163 ulla
732 1102 851 1179 paterni

124 1292 154 1331 se
176 1275 203 1331 in
225 1290 298 1330 mare
320 1282 347 1330 et
368 1280 509 1347 susceptos
531 1272 565 1328 ab
586 1271 637 1328 illis
658 1273 690 1329 ad
711 1272 775 1329 litus
797 1289 883 1346 usque
905 1271 1054 1346 perductus
1076 1279 1127 1328 est.

212 1359 250 1415 sic
283 1357 368 1415 robur
398 1358 496 1415 latinae
529 1357 686 1414 eviravimus
718 1357 826 1431 linguae
857 1356 1063 1414 intermiscendo
1094 1373 1203 1430 graecas

123 1444 267 1516 glossulas.
384 1446 422 1502 95
448 1443 535 1499 omnia
557 1442 728 1499 heroicorum
757 1443 872 1499 carmina
898 1442 932 1499 ita
961 1441 1017 1498 lere
1039 1451 1104 1499 sunt
1125 1459 1203 1500 com-

122 1529 229 1604 posita,
254 1536 285 1585 ut
306 1529 442 1604 proximus
463 1545 511 1602 pes
533 1527 566 1584 ab
589 1527 683 1585 ultimo
707 1526 826 1602 dactylus
848 1527 895 1591 sit,
921 1527 1038 1601 exceptis
1060 1528 1202 1584 admodum

123 1614 217 1689 paucis
240 1630 309 1688 quos
331 1612 538 1688 spondiazootas
567 1612 717 1688 appellant,
747 1621 778 1669 ut
806 1613 877 1688 apud
899 1612 1052 1669 Cornelium
1074 1611 1202 1669 Severum

116 1694 213 1774 pinea
228 1698 350 1756 hondosi
372 1716 447 1754 coma
468 1707 620 1755 murmurat
635 1692 813 1773 Appennini'.
871 1697 983 1771 longum
999 1697 1199 1773 Appenninum,

121 1801 178 1841 non
200 1785 274 1858 quod
296 1802 310 1840 a
332 1801 432 1859 supero
454 1783 520 1840 mari
545 1784 578 1839 ad
600 1782 716 1840 inferum
739 1783 906 1848 extenditur,
929 1783 975 1839 sed
998 1783 1072 1857 qnod
1095 1783 1201 1840 duobus

122 1870 251 1944 spondeis
275 1870 443 1929 terminetur.
559 1871 598 1927 96
621 1885 722 1935 nonne,
745 1868 841 1942 inquit,
865 1867 892 1924 in
914 1867 967 1926 hoc
989 1877 1031 1925 est
1051 1868 1201 1925 landandus

122 1955 258 2028 Virgilius,
282 1955 355 2028 quod
377 1954 413 2010 ita
433 1953 611 2010 inchoaverit:
636 1971 707 2010 arma
729 1954 868 2027 virumque
891 1970 968 2010 cano.
1085 1954 1124 2012 99
1148 1953 1200 2009 mi-

121 2038 252 2096 mallones
274 2039 411 2096 ministrae
431 2037 520 2095 hiberi
540 2039 623 2113 patris
646 2039 731 2096 dietae
753 2032 896 2101 ἀπὸτοῦ
917 2043 1098 2115 μιμεῖσθαι,
1128 2039 1202 2112 quod

124 2125 294 2182 imitarentur
315 2123 434 2181 furorem
456 2123 543 2180 liberi
566 2124 704 2198 [scholion
727 2122 947 2181 Collimocbeum
968 2125 1008 2196 [ι.
1030 2122 1115 2198 4οη.

209 2209 237 2265 1ιί
258 2227 353 2266 versus
375 2209 487 2266 Neronis
510 2217 585 2266 sunt.
672 2209 816 2266 Calandrus
838 2210 1004 2284 lllyricornm
1027 2226 1074 2265 rer
1097 2210 1129 2265 ad
1144 2209 1201 2266 lla-

125 2295 263 2351 cedoniam
287 2311 347 2351 oum
371 2293 487 2351 exercitu
509 2296 592 2350 venit.
643 2294 682 2350 illi
712 2311 773 2350 oum
800 2311 922 2368 magnam
944 2302 1047 2369 partem
1070 2295 1202 2352 exercitus

125 2395 182 2434 non
208 2379 352 2443 haberent,
382 2380 511 2453 plurimas
537 2379 662 2435 mulieres
691 2379 831 2435 cothurnis
860 2388 887 2436 et
917 2379 1014 2453 thyrsis
1042 2378 1071 2434 in
1092 2380 1202 2436 modum

124 2462 286 2520 baccharum
308 2471 482 2522 ornaverunt.
525 2463 564 2518 illi
585 2463 725 2520 credentes
754 2463 900 2520 exercitum
928 2464 1070 2519 adventare
1100 2464 1202 2520 disces-

126 2557 230 2603 serunt.
325 2548 452 2604 dicuntur
475 2556 502 2603 et
523 2545 705 2603 bombisonae.
748 2545 865 2602 bombus
888 2555 977 2603 autem
999 2563 1097 2603 raucus
1119 2564 1203 2604 sonus

127 2639 171 2687 est
193 2629 319 2688 tubarum
341 2649 391 2688 nec
412 2630 487 2687 valde
509 2639 614 2687 acutus.
700 2629 815 2687 llimallo
839 2630 936 2687 dicitur
954 2631 1082 2687 Bacchus.
1145 2632 1203 2706 ipse

125 2714 235 2772 Persius
257 2715 334 2772 tinxit
354 2717 405 2772 hos
428 2733 520 2771 versus
549 2715 576 2771 in
605 2714 718 2772 aliorum
739 2713 927 2782 imitationem,
959 2733 1076 2791 quorum
1103 2717 1202 2792 scripta

125 2818 224 2858 sonum
246 2802 375 2875 grandem
396 2799 505 2864 habent,
528 2817 636 2857 sensum
659 2800 774 2858 nullum.
899 2803 957 2860 100
981 2811 1008 2858 et
1029 2811 1137 2876 raptum
1159 2804 1201 2860 vi-

125 2886 196 2944 tulo.
240 2886 387 2943 Pentheum
411 2882 543 2960 significat
564 2889 671 2960 Agauae
693 2895 721 2944 et
742 2884 866 2944 Echionis
887 2885 985 2954 filium,
1009 2887 1056 2961 qui
1077 2888 1201 2946 Liberum

124 2980 228 3046 patrem
257 2970 373 3045 negabat
401 2972 497 3037 deum,
532 2989 611 3046 quem
639 2980 724 3029 mater
745 2972 843 3030 hibero
872 2972 984 3030 iaciente
1011 2972 1061 3030 sub
1088 2975 1201 3049 imagine

124 3056 200 3113 vituli
222 3057 370 3114 trucidarit
504 3060 561 3115 101
588 3058 736 3115 bassarides
759 3075 851 3114 omnes
881 3056 997 3116 bacchae
1019 3059 1105 3117 dictae
1126 3070 1199 3125 sunt,

125 3141 172 3198 sed
195 3152 222 3198 et
244 3143 300 3217 ipse
314 3141 393 3199 hiber
415 3153 491 3216 pater
513 3142 546 3199 ab
570 3161 600 3201 ea
622 3152 697 3200 veste
714 3143 787 3199 talari
803 3159 856 3216 qua
871 3144 966 3208 utitur,
991 3161 1070 3217 quam
1087 3144 1200 3202 Thraces

125 3225 244 3282 bassarin
266 3237 373 3284 vocant.
411 3228 518 3301 quidam
540 3244 555 3283 a
577 3227 710 3302 vulpibus,
734 3245 847 3302 quarum
869 3228 983 3302 pellibus
1006 3227 1120 3286 bacchae
1134 3247 1200 3286 snc-

126 3312 281 3385 cinguntur.
325 3312 419 3386 vulpes
440 3313 555 3368 Thraces
582 3311 706 3369 bassares
734 3312 834 3369 dicunt.
942 3313 1006 3388 lynx
1035 3323 1076 3370 est
1104 3314 1200 3370 animal

124 3396 220 3453 hibero
237 3406 432 3463 consecratum,
454 3399 527 3471 quod
550 3398 642 3454 currui
657 3399 714 3454 eius
728 3396 950 3470 subiungebatur.
1062 3401 1119 3457 103
1135 3398 1201 3454 haec

125 3480 229 3539 fierent.
253 3483 328 3557 quasi
349 3482 511 3556 increpantis
539 3481 629 3538 verba.
715 3482 743 3538 id
770 3492 819 3547 est,
848 3483 908 3539 talia
936 3493 1058 3556 poemata
1087 3500 1101 3538 a
1130 3500 1200 3558 quo·

212 3664 243 3714 95
263 3661 516 3714 SirachedoBoba
536 3661 561 3714 Si
583 3663 638 3713 αΡ
717 3665 750 3714 96
767 3661 862 3714 cortice
880 3662 944 3713 PA:
962 3662 1098 3714 uerticeB
1166 3667 1197 3717 et

125 3731 248 3796 negrandi
267 3732 418 3796 Porphgrio
438 3730 501 3783 Hor.
525 3734 574 3782 sat.
598 3730 666 3796 12,
693 3731 756 3781 429:
781 3728 931 3796 praegrandi
950 3731 1005 3780 αΡ
1104 3734 1137 3785 99
1156 3735 1200 3782 hio

125 3814 220 3849 uersus
232 3797 316 3848 Torua
329 3797 494 3850 Mimalloniis
512 3798 616 3849 inflatur
634 3769 695 3849 tibia
716 3799 816 3848 bombis
834 3801 907 3846 inter
925 3795 1097 3863 Vergiliarum
1115 3802 1199 3850 etPo-

126 3870 256 3918 condonas
272 3872 303 3915 ot
321 3866 469 3931 eoemphem
486 3882 581 3916 uersus
601 3870 693 3917 teretis
711 3864 838 3926 adfertur
855 3865 928 3930 apud
939 3866 1125 3934 Diomedemp
1128 3867 1198 3920 49.9

194 3933 304 3986 Toruam
324 3933 442 3985 mallonis
461 3940 485 3984 α
501 3932 585 3985 'l'orba
604 3934 701 3986 mimal·
720 3934 827 3984 Prodi
848 3950 882 3983 erc
900 3949 969 3983 corr
1074 3939 1119 3988 101
1143 3936 1200 4003 lyn-

125 4017 170 4055 cae
189 4002 288 4053 Plicet
307 4007 330 4051 α
400 4001 520 4068 corimpis
539 4009 563 4053 α
