2656 4440
119 230 158 288 96
568 231 742 286 lVVENALlS

119 407 212 484 qualis
234 416 307 466 tunc
330 408 432 485 epulas
454 407 551 486 ipsum
574 408 709 486 gluttisse
733 418 870 487 putamus

122 491 373 570 induperatorem,
397 511 463 553 cum
486 502 531 552 tot
553 495 696 566 sestertia,
721 502 834 573 partem

120 577 255 655 exiguam
279 588 308 637 et
331 578 463 638 modicae
485 588 632 657 sumptam
656 580 692 639 de
714 581 849 657 margine
871 598 971 653 cenae,
1165 591 1194 640 30

121 680 291 742 purpureus
313 664 412 742 magni
435 664 558 724 ructarit
579 682 681 724 scurra
703 664 804 738 Palati,

120 750 176 808 iam
201 748 340 827 princeps
362 749 504 827 equitum,
528 749 634 827 magde
657 751 708 827 qui
730 769 803 810 voce
824 750 937 811 solebat

121 834 249 904 vendere
273 835 438 913 municipes
461 835 552 894 fracta
576 834 612 894 de
635 853 733 896 merce
755 836 871 897 siluros.

121 919 230 998 incipe,
253 919 393 998 Calliope.
439 920 507 980 licet
529 920 577 980 hic
600 920 764 994 considere,
790 940 850 982 non
874 930 918 982 est

123 1005 384 1078 cantandumres
406 1023 474 1065 vera
496 1005 601 1084 agitur.
647 1014 774 1078 narrate,
797 1007 913 1086 puellae

123 1090 262 1152 Pierides.
307 1091 401 1170 prosit
424 1090 493 1150 mihi
515 1109 568 1150 vos
590 1090 697 1152 dixisse
719 1091 841 1170 puellas.

166 1195 232 1236 oum
256 1177 314 1236 iam
337 1176 543 1236 semianimum
567 1177 712 1237 laceraret
733 1176 849 1238 Flavius
873 1177 976 1238 orbem

122 1261 243 1322 ultimus
266 1271 296 1321 et
317 1261 398 1321 calvo
420 1262 545 1321 serviret
566 1260 660 1321 Roma
682 1262 804 1335 Neroni,

124 1347 229 1407 incidit
250 1347 366 1407 Adriaci
389 1345 514 1426 spatium
538 1345 708 1407 admirabile
732 1346 847 1408 rhombi

125 1441 193 1493 ante
216 1432 335 1492 domum
358 1432 492 1503 Veneris,
516 1449 602 1509 quam
625 1433 731 1492 berica
754 1433 881 1494 sustinet
902 1432 1019 1503 Ancon,
1170 1438 1200 1488 43

126 1517 316 1596 implevitque
339 1517 437 1590 sinus;
462 1536 517 1577 nec
540 1517 619 1577 enim
643 1518 742 1578 minor
763 1519 899 1579 haeserat
921 1516 978 1578 illis

126 1621 201 1680 quos
225 1603 322 1681 operit
344 1602 452 1680 glacies
474 1602 615 1662 Maeotica
638 1611 786 1682 ruptaque
809 1604 929 1664 tandem

124 1687 236 1748 solibus
259 1687 384 1747 effundit
404 1687 547 1748 torrentis
570 1686 605 1746 ad
630 1689 702 1749 ostia
727 1689 813 1749 Ponti

123 1826 187 1882 mihi
208 1824 331 1883 invides?
356 1826 451 1899 Apulia
474 1827 560 1883 carius
582 1843 661 1900 agros
683 1815 793 1885 vendit'.
814 1827 856 1884 vel
871 1827 985 1884 maiores
997 1824 1085 1900 pisces
1099 1822 1200 1891 vendit,

125 1928 194 1986 quos
217 1921 246 1967 tu
260 1910 467 1986 provincialibus
483 1912 566 1986 gratis
581 1911 723 1969 abstulisti.
811 1915 850 1972 28
866 1920 988 1987 quantas,
1012 1909 1108 1984 inquit,
1132 1925 1201 1981 epu·

124 1996 164 2052 las
185 1997 311 2071 princeps
332 1997 390 2070 ipse
411 1997 588 2070 consumpsit,
610 2014 672 2054 cum
694 2007 826 2055 extremae
848 2014 956 2054 mensae
978 1995 1119 2071 epularum
1141 2010 1202 2066 pars

125 2089 199 2139 tanto
223 2090 367 2139 constaret.
455 2092 482 2138 31
502 2081 589 2155 figura
608 2072 665 2139 ‘tot
685 2084 806 2140 sestertia
828 2090 933 2158 partem
954 2075 1095 2155 exiguam'.

211 2169 250 2225 32
278 2168 405 2242 magister
426 2168 547 2241 equitum
568 2168 751 2224 Romanorum
771 2167 858 2225 lactus
881 2177 923 2225 est
943 2167 1052 2223 scilicet.
1162 2165 1201 2222 33

125 2252 151 2307 id
174 2261 215 2308 est
235 2251 321 2309 lracto
344 2269 407 2308 vaso
429 2252 577 2309 sardarum.
665 2252 785 2309 eiusdem
804 2251 949 2326 municipii,
972 2252 1044 2308 unde
1057 2251 1123 2325 ipse,
1147 2252 1204 2306 Ae-

126 2339 243 2412 gyptios.
273 2338 348 2394 siluri
382 2354 444 2393 nam
470 2339 557 2412 pisces
585 2346 650 2395 sunt
678 2337 851 2395 Alexandriae
880 2337 952 2394 unde
979 2337 1031 2394 luit
1057 2335 1204 2410 Crispinus,

126 2423 226 2480 nullius
248 2424 336 2498 pretii,
361 2440 430 2497 quos
452 2425 547 2497 inopes
568 2424 596 2479 in
613 2426 736 2497 Aegypto
758 2424 905 2480 venditant.
993 2426 1033 2480 34
1059 2428 1106 2477 331
1128 2437 1205 2476 sum-

126 2509 205 2566 misse
228 2510 324 2571 dicere‚
348 2517 395 2565 aut
416 2510 536 2583 proprie.
559 2527 602 2567 res
624 2517 720 2566 tenues
742 2509 840 2566 dicere.
928 2510 968 2566 38
990 2508 1042 2564 hoc
1056 2505 1206 2562 convicium

127 2594 154 2648 in
176 2594 216 2650 rt.
237 2594 414 2651 Domitianum
437 2595 488 2650 Titi
509 2595 618 2652 fratrem
642 2594 795 2668 Vespasiani
816 2593 900 2650 filium
921 2593 1009 2657 iactat,
1032 2591 1093 2666 quia
1117 2591 1208 2647 calvus

126 2678 188 2736 luit.
294 2688 421 2752 proptera
445 2680 518 2752 quod
541 2679 670 2736 luvenalis
692 2680 743 2736 sub
766 2680 855 2754 specie
876 2679 988 2734 honoris
1009 2677 1143 2751 relegatus
1167 2685 1208 2733 est

126 2765 158 2820 ad
182 2764 299 2820 cohortis
323 2780 412 2821 curam
436 2765 462 2818 in
478 2768 601 2839 Aegypto
624 2764 719 2829 lloasa,
743 2765 790 2821 ubi
813 2772 936 2821 mortuus
959 2771 1010 2820 est.
1096 2771 1207 2817 namet

128 2849 273 2904 Suetonius
301 2847 392 2922 [bom.
420 2847 468 2921 18]
496 2848 580 2905 refert
608 2850 668 2922 quia
697 2849 788 2906 calvus
815 2848 876 2906 fuit.
905 2849 1029 2905 ultimum
1056 2863 1120 2904 vero
1146 2846 1206 2904 ideo

128 2933 201 2997 dicit,
225 2933 371 3006 quiscum
393 2932 569 3006 Vespasianus
591 2943 618 2990 et
640 2934 715 2990 Titus
737 2943 764 2990 et
787 2933 951 2991 Domitianus
966 2933 1051 2991 Flavia
1073 2949 1105 2988 ex
1126 2941 1208 3004 gente

128 3017 245 3083 luerint,
268 3017 433 3073 Domitianus
455 3018 564 3075 ultimus
586 3017 693 3075 illorum
716 3029 743 3075 et
765 3019 955 3077 dissimillimus
977 3018 1124 3093 imperavit.
1145 3034 1207 3074 me-

128 3103 205 3160 minit
231 3105 285 3160 hoc
312 3102 433 3159 Valerius
460 3103 586 3161 Martialis
613 3104 641 3159 in
676 3105 866 3180 epigrammate
893 3105 935 3162 his
963 3105 1083 3162 versibus
1111 3102 1205 3161 finito:

125 3179 225 3246 ‘Flavia
253 3205 335 3262 gens,
366 3197 496 3262 quantum
523 3187 571 3246 tibi
601 3190 697 3246 tertius
718 3189 830 3248 abstulit
851 3193 938 3249 heres.
961 3207 1047 3264 paene
1068 3188 1120 3245 luit
1140 3190 1209 3246 tanti

128 3290 185 3330 non
206 3274 333 3332 habuisse
355 3261 441 3333 duos'.
529 3277 568 3332 40
592 3284 654 3332 ante
669 3277 807 3350 templum.
895 3291 991 3350 graeca
1006 3275 1105 3339 civitas,
1129 3291 1208 3349 quam

129 3360 223 3416 Graeci
249 3359 371 3416 13113113
400 3359 590 3417 condiderunt.
617 3361 677 3418 ideo
700 3363 802 3420 Dorica.
890 3364 927 3419 41
953 3359 1099 3432 implevitq.
1123 3362 1209 3416 sinus.

128 3445 205 3501 retia.
228 3445 352 3519 Virgilius
375 3444 454 3519 [Aeo.
480 3448 528 3510 10.
553 3445 625 3520 819]
644 3436 831 3522 ‘implevitque
851 3447 926 3503 sinus
948 3431 1080 3518 sanguis'.
1168 3446 1208 3503 42

130 3530 191 3602 quia
221 3533 268 3606 qni
294 3533 322 3588 in
344 3532 432 3588 Ponto
456 3531 614 3588 3111333113
636 3532 733 3606 palude
756 3533 899 3608 capiuntur
920 3531 1015 3604 pisces,
1039 3530 1159 3587 inmanes
1182 3539 1209 3587 et

130 3615 245 3688 pingues
267 3635 299 3674 ex
320 3619 377 3690 ipsa
401 3617 532 3682 tarditate,
557 3618 683 3691 quoniam
707 3619 814 3692 quando
836 3617 916 3690 gelat,
940 3617 967 3672 in
989 3615 1073 3690 glaeie
1088 3616 1209 3674 haerent.

131 3699 262 3759 Salustius
286 3704 320 3759 ita
339 3693 408 3777 ‘qua
430 3711 588 3776 tempestate
610 3704 722 3777 piscium
737 3703 774 3758 vis
789 3703 877 3759 Ponto
894 3687 1004 3776 crupit'.
1091 3704 1210 3760 43131-

130 3787 224 3843 rentis.
247 3787 415 3861 pertinentis,
439 3788 581 3845 currentis.
603 3788 656 3846 illic
677 3805 737 3844 nam
760 3787 870 3845 rheuma
886 3789 1016 3862 quaedam
1031 3787 1111 3845 trabit
1125 3802 1209 3843 mare.

219 3938 250 3987 31
271 3940 384 3988 ructaret
402 3943 433 3988 w
520 3940 553 3990 33
571 3936 637 3987 13313
656 3937 688 3988 P:
706 3935 749 3987 uel
768 3935 847 3987 lrcctc
865 3951 961 4001 margo
1050 3933 1208 3989 341133131

132 4001 199 4067 Ρρν.
219 4003 280 4055 11331
297 4005 339 4056 hic
357 4005 478 4056 Pmoun
496 4020 579 4070 aeque
595 4007 710 4069 antiqua
729 4008 755 4054 et
773 4011 803 4055 w
883 4007 916 4058 43
935 4003 1026 4057 effudit
1045 4004 1171 4069 torpentis
1188 4017 1207 4068 p
