2656 4440
122 208 162 267 20
607 210 712 265 Puttstt

121 384 259 465 perducis
281 384 380 445 iacies.
414 377 498 444 ‘nam
520 385 626 446 iratres
649 386 850 460 interamne,

121 470 235 532 somnia
257 468 361 548 pituita
384 469 434 548 qui
457 470 661 548 purgatissima
685 470 814 544 mittunt,

120 555 273 634 praecipui
295 562 384 615 sunto
406 554 503 633 sitque
525 554 582 615 illis
603 573 691 616 aurea
713 549 822 616 barba.³

122 658 227 701 aurum
249 658 315 701 vasa
338 640 450 701 Numae
474 640 670 718 Saturniaque
692 640 809 720 impulit
830 659 898 702 aera

120 724 312 804 Vestalesque
334 743 425 786 urnas
447 734 477 785 et
498 725 629 786 'luscum
651 727 739 787 fictile
761 734 863 787 mutat.

122 831 140 870 o
164 829 269 871 curvae
291 811 321 871 in
344 811 432 872 terris
454 809 568 871 animae
590 820 620 871 et
641 812 812 873 caelestium
834 812 940 884 inanis,

121 999 163 1057 vel
185 1001 260 1074 quod
281 1000 398 1057 medium
420 1000 464 1055 ovi
486 999 570 1057 simile
592 1008 634 1057 est
655 1000 721 1057 auri.
811 1003 849 1060 56
875 1004 962 1057 Acron
986 999 1067 1056 tradit
1080 1000 1156 1074 quod
1172 1000 1201 1056 in

121 1086 229 1160 porticu
252 1086 387 1159 qnondam
411 1084 541 1159 Apollinis
563 1085 675 1143 Palatini
696 1086 796 1143 luerint
816 1086 836 1141 L
860 1086 1003 1142 Danaidum
1025 1084 1141 1159 efligies,
1175 1095 1203 1141 et

121 1179 216 1227 contra
243 1188 286 1228 eas
315 1170 366 1227 sub
396 1170 457 1226 divo
488 1170 599 1227 totidem
628 1184 765 1245 equestres
795 1171 911 1227 filiorum
939 1170 1063 1244 Aegypti.
1109 1186 1142 1226 ex
1169 1169 1202 1226 iis

121 1265 209 1313 autem
231 1257 326 1313 statuis
349 1255 478 1331 quaedam
507 1254 664 1314 dicebantur
685 1256 883 1331 postulantibus
911 1273 961 1330 per
989 1271 1113 1311 somnum
1137 1254 1202 1312 dare

123 1341 240 1398 oracula.
277 1340 321 1397 alii
342 1350 430 1398 autem
452 1341 549 1397 fratres
571 1358 652 1398 aenos
667 1341 804 1398 Pollucem
827 1348 854 1397 et
869 1342 1017 1403 Castorem,
1042 1340 1088 1413 qui
1105 1339 1202 1396 tratres

121 1426 233 1482 luerunt
255 1436 282 1483 et
304 1425 446 1499 aliquando
469 1434 550 1482 nocte
571 1426 670 1483 Persen
695 1426 864 1483 Macedoniae
892 1441 983 1499 regem
1009 1424 1204 1481 nuntiaverunt

121 1511 229 1574 victum,
252 1512 418 1584 inquorum
441 1510 540 1584 templo
563 1512 728 1567 somniorum
743 1512 902 1585 interpretes
917 1510 1010 1567 haberi
1031 1509 1130 1574 solent,
1154 1509 1202 1583 qui

122 1612 207 1668 puros
237 1613 252 1651 a
276 1595 371 1668 pituita
399 1595 471 1652 visus
499 1596 638 1652 bominum
667 1595 846 1670 exponebant.
889 1596 974 1652 aliter.
1005 1612 1066 1651 cum
1088 1595 1202 1652 Romani

123 1679 272 1754 pestilentia
294 1680 455 1745 laborarent,
480 1681 575 1737 Castor
597 1690 625 1738 et
644 1681 741 1737 Pollux
762 1682 788 1736 in
811 1680 920 1737 somniis
940 1679 1073 1754 populum
1096 1696 1198 1737 monu-

123 1774 217 1830 erunt,
248 1765 346 1840 quibus
373 1765 497 1822 remediis
520 1776 694 1831 curarentur,
725 1774 753 1822 et
780 1766 844 1822 licet
872 1782 964 1822 eorum
986 1763 1086 1821 multae
1109 1774 1201 1823 essent

122 1859 227 1907 statuae
248 1851 361 1914 Romae,
390 1860 479 1907 tamen
505 1860 612 1924 paratae
634 1861 699 1908 sunt
719 1851 771 1908 illis
793 1851 907 1915 similes,
938 1867 1005 1925 quas
1026 1858 1121 1924 postea
1143 1850 1201 1906 tto·

121 1935 194 1991 mani
216 1936 420 1992 deerraverunt.
509 1939 547 1995 57
571 1936 664 2010 pituita
694 1945 735 1992 est
757 1937 882 2010 purgatio
905 1934 1016 1992 cerebri.
1060 1934 1102 1992 vel
1123 1952 1201 1992 mor-

123 2019 175 2076 bus
197 2019 356 2094 gallinarum
379 2021 426 2094 qui
448 2038 480 2077 ex
501 2021 631 2078 edacitate
654 2022 783 2078 nascitur.
826 2023 899 2079 unde
926 2021 1013 2078 evenit
1041 2029 1072 2075 ut
1099 2020 1202 2094 gravati

122 2105 245 2162 homines
267 2123 363 2162 somno
386 2121 442 2162 non
464 2105 535 2161 bona
558 2106 661 2162 somnia
682 2106 796 2163 videant.
885 2109 923 2166 59
943 2107 1027 2162 Numa
1042 2105 1200 2179 Pompilius,

123 2206 171 2246 rex
192 2191 389 2254 Romanorum,
412 2190 481 2246 vasis
505 2190 628 2248 fictilibus
650 2209 716 2248 usus
738 2201 779 2249 est
800 2191 877 2248 etiam
900 2192 932 2247 ad
954 2190 1110 2264 religionem
1132 2191 1202 2248 deo-

123 2292 193 2332 rum.
217 2294 249 2333 en
272 2293 325 2351 quo
348 2276 432 2332 Numa
455 2276 542 2332 dictus
564 2287 604 2332 est
626 2294 658 2333 eo
681 2277 755 2351 quod
778 2277 933 2333 numinibus
956 2275 1111 2332 deserviret.
1142 2292 1204 2332 uam

122 2362 225 2434 primus
248 2360 393 2434 religiones
416 2362 527 2418 deorum
551 2362 661 2419 invenit.
770 2362 887 2418 Saturno
917 2361 988 2418 enim
1016 2361 1043 2416 in
1066 2359 1138 2416 ltalia
1162 2378 1205 2418 re·

123 2457 222 2520 gnante
243 2465 288 2504 aes
310 2446 337 2502 in
361 2464 413 2503 usu
434 2445 494 2518 luit,
519 2448 592 2521 quod
615 2447 694 2504 etiam
716 2456 810 2521 postea
832 2448 858 2502 in
882 2446 946 2503 aede
967 2447 1075 2503 Saturni
1099 2446 1205 2503 conde·

122 2531 212 2590 batur.
256 2533 331 2589 unde
352 2532 484 2589 aerarium
507 2533 606 2590 dictum
630 2541 679 2590 est.
724 2534 845 2589 nondum
867 2532 937 2588 enim
959 2531 1048 2588 luerat
1061 2539 1205 2604 argentum

123 2634 211 2692 neque
233 2635 338 2675 aurum.
385 2617 453 2675 illud
475 2629 563 2675 autem
585 2636 630 2675 aes
652 2635 705 2674 uoa
727 2626 803 2693 parte
826 2619 912 2691 capite
927 2617 982 2673 lani
998 2625 1120 2672 notatum
1136 2626 1205 2686 erat,

125 2702 208 2759 altera
237 2721 304 2760 nave
335 2720 387 2777 qua
416 2704 550 2761 Saturnus
584 2703 690 2778 lugiens
719 2705 751 2759 ad
780 2703 879 2760 ltaliam
908 2710 1000 2759 vectus
1032 2712 1081 2757 est.
1135 2701 1205 2758 bene

124 2795 214 2844 autem
235 2788 264 2843 in
285 2788 332 2843 illo
355 2805 465 2845 nummo
489 2789 624 2862 geminum
648 2796 705 2843 erat
735 2788 857 2861 signum,
888 2797 916 2843 et
937 2786 1127 2860 hospitalitatis
1149 2786 1206 2842 lani

125 2879 153 2927 et
174 2872 304 2928 adventus
326 2871 443 2928 Saturni.
482 2873 556 2945 quod
578 2889 622 2928 aes
644 2880 748 2945 postea,
771 2881 802 2927 ut
824 2873 925 2928 dictum
949 2881 998 2943 est,
1022 2872 1048 2926 in
1071 2871 1137 2927 aede
1152 2871 1205 2928 Sa-

126 2957 198 3011 turni
221 2955 389 3012 condebatur
410 2957 532 3012 nondum
554 2965 666 3029 argento
688 2973 810 3029 auroque
832 2956 955 3029 signeto,
978 2955 1050 3012 unde
1072 2957 1206 3013 aerarium

124 3057 224 3097 nomen
247 3041 360 3115 accepit.
405 3040 457 3096 luit
478 3051 568 3097 autem
590 3042 656 3096 assis
677 3040 793 3111 libralis,
823 3042 876 3098 hoe
905 3050 946 3098 est
968 3040 1034 3096 libra
1057 3057 1206 3115 appensus,

125 3136 152 3182 et
174 3127 317 3201 dipondius
340 3126 453 3183 duarum
481 3125 620 3182 librarum.
665 3127 739 3200 quod
766 3125 901 3200 hodieque
928 3128 954 3182 in
984 3144 1036 3183 usu
1065 3128 1207 3200 remansit,

129 3220 156 3268 et
177 3212 248 3269 solet
269 3213 376 3286 pensari
396 3212 489 3286 potins
511 3226 591 3284 quam
613 3211 756 3274 numerari,
793 3211 865 3268 unde
888 3219 915 3268 et
930 3211 1128 3286 dispensatores
1143 3211 1209 3269 dicti

126 3307 329 3372 prorogatores.
377 3306 405 3353 et
426 3305 467 3352 est
488 3313 599 3352 seusus:
623 3296 767 3352 ministeria
789 3296 976 3354 innocentium
995 3313 1025 3352 ac
1047 3294 1207 3370 simplicium

125 3400 251 3439 vasorum
274 3383 332 3438 anri
356 3399 432 3438 caeca
453 3381 567 3437 removit
587 3381 705 3437 ambitio.
793 3383 832 3440 60
855 3391 901 3438 aut
923 3382 1017 3438 Vestae
1040 3390 1086 3437 aut
1108 3381 1208 3439 Vesta·

117 3465 191 3523 ¹lium
220 3468 363 3541 virginum.
472 3467 589 3540 virgines
616 3467 735 3523 Vestales
762 3467 831 3523 vasis
860 3467 987 3524 fictilibus
1013 3467 1041 3522 in
1069 3467 1208 3525 sacrificiis

125 3568 190 3608 usae
211 3560 285 3608 sunt.
395 3552 511 3608 Tuscum
533 3551 634 3623 fictile,
664 3553 718 3608 sive
748 3553 822 3626 quod
844 3553 871 3607 in
894 3551 999 3609 Etruria
1023 3550 1116 3608 creber
1138 3570 1208 3611 usus

117 3630 250 3693 'vasorum
272 3636 393 3693 fictilium
415 3635 514 3710 luerat,
536 3638 591 3695 sive
614 3639 689 3712 quod
710 3637 790 3693 'lusci
814 3638 927 3694 deorum
949 3637 1090 3694 simulacra
1112 3636 1208 3696 fictilia

125 3720 256 3778 lecerunt.
326 3732 331 3742 '
367 3724 404 3779 61
430 3720 576 3780 exolevisse
599 3723 663 3779 dicit
692 3724 720 3778 in
747 3723 828 3778 terris
857 3723 981 3797 spiritum
1011 3722 1129 3781 divinum
1151 3723 1208 3781 ho-

211 3904 245 3956 56
262 3901 382 3955 Perduoit
400 3910 424 3954 α
511 3907 543 3957 st
561 3903 758 3971 purgantissime
776 3905 800 3954 P
883 3905 916 3955 58
935 3903 968 3954 sit
986 3903 1039 3955 illis
1058 3911 1081 3955 α
1173 3909 1208 3961 59

125 3970 187 4023 Auri
206 3979 230 4023 ot
299 3972 332 4023 66
350 3971 465 4024 lacileB
533 3974 564 4025 61
586 3979 666 4025 terras
683 3972 845 4023 Lactantius
863 3973 925 4023 trust.
946 3973 972 4024 d.
990 3973 1054 4025 112
