2656 4440
621 230 698 282 lllTA

277 402 418 480 magister
440 401 511 462 artis
532 401 694 481 ingeuique
718 403 839 480 largitor

278 496 392 560 venter,
416 497 538 564 negatas
560 487 663 548 artifex
687 489 771 566 sequi
793 507 889 549 voces.

281 571 360 651 quod
383 572 407 633 si
430 571 524 632 dolosi
547 591 615 651 spes
637 573 787 634 refulserit
810 574 933 646 nummi,

280 675 382 718 corvos
405 667 507 736 poetas
530 667 558 716 et
581 658 730 737 poetridas
753 659 833 737 picas

279 752 398 803 cantare
422 742 525 803 credas
548 743 720 822 Pegaseium
743 753 855 804 nectar.

214 919 250 973 10
274 915 425 990 apologiam
447 924 527 987 poeta
547 914 611 971 facit
633 924 660 973 et
681 925 789 972 excusat
810 933 839 972 se
858 914 1055 990 quodammodo
1072 932 1127 971 non
1142 915 1202 971 ideo

124 999 278 1074 scripsisse,
302 1011 333 1057 ut
354 1008 435 1075 poeta
456 1010 606 1074 appareret,
634 1001 679 1057 sed
702 1001 792 1074 potius
814 1002 932 1075 impulsu
955 1003 1070 1075 quoram
1092 1001 1200 1065 ventris,

123 1085 186 1158 quia
217 1085 323 1143 videbat
355 1095 421 1142 tunc
449 1085 549 1142 multos
575 1087 694 1160 poetriae
722 1088 885 1144 incumbere.
930 1097 957 1143 et
984 1103 1032 1159 per
1061 1087 1201 1142 transitum

124 1169 243 1228 ostendit
269 1188 299 1227 se
327 1171 443 1246 primum
470 1171 590 1245 coepisse
620 1188 698 1227 causa
722 1172 815 1237 victus,
846 1183 876 1228 ut
897 1171 1020 1228 salarium
1043 1180 1201 1227 mereretur.

122 1272 184 1312 nam
206 1255 332 1314 salarium
354 1266 395 1313 est
417 1257 503 1313 victus
525 1255 605 1312 unius
628 1257 687 1314 diei.
779 1259 815 1314 12
843 1257 989 1314 refulserit.
1012 1264 1039 1313 et
1059 1255 1200 1328 refulgeat.

213 1345 251 1400 14
274 1343 432 1416 Pegaseium
454 1341 547 1398 melos.
571 1342 597 1397 in
620 1342 677 1398 aliis
700 1352 801 1399 nectar.

213 1508 244 1559 10
263 1506 411 1574 ingeniique
430 1509 483 1557 or
562 1509 590 1558 11
612 1505 717 1558 artisfex
736 1513 759 1556 α
847 1508 878 1558 12
896 1505 1025 1558 refulserit
1044 1507 1126 1555 Pred
1144 1510 1203 1569 geat

122 1589 207 1640 supra
234 1577 366 1640 scriptam
392 1590 475 1625 mono
497 1575 668 1626 scholiastae:
692 1574 818 1640 refulgeat
837 1582 859 1624 α
965 1578 996 1627 14
1021 1589 1159 1640 pegaseum
1179 1581 1202 1624 α

122 1657 282 1710 ppegaseum
301 1644 326 1693 P
392 1650 534 1695 nectara:
553 1643 634 1694 melos
654 1645 676 1693 P
