2656 4440
123 247 163 306 52
607 248 711 301 PERSll

120 442 173 483 seu
195 440 296 482 ceraso
320 433 446 500 peccent
468 421 571 495 casiae,
597 423 712 482 nescire
736 433 864 500 paratus.

117 501 204 567 ‘tune
227 507 306 566 bona
328 507 485 567 incolumis
506 505 645 567 minuas?
669 518 697 567 et
719 508 836 569 Restins
860 517 966 584 urguet

122 593 258 652 doctores
282 592 399 652 Graios:
421 585 485 652 “ita
508 593 553 666 lit;
578 601 733 671 postquam
756 612 859 672 sapere
883 592 950 653 urbi

122 696 188 738 cum
212 679 315 756 pipere
338 687 368 736 et
389 677 493 756 palmis
515 678 596 737 venit
619 687 753 738 nostrum
775 679 832 739 hoc
855 678 945 739 maris
967 697 1083 758 erpere,

122 762 287 822 faenisecae
310 780 408 823 crasso
430 762 572 822 vitiarunt
593 763 727 840 unguine
750 755 875 841 pultes.³'
1169 774 1197 824 to

123 848 195 907 haec
218 849 319 907 cinere
341 849 464 908 ulterior
486 837 617 908 metuas?
658 858 688 907 at
710 857 750 921 tu,
773 867 858 909 meus
880 849 966 908 heres

123 933 257 1011 quisquis
280 933 347 1006 eris,
370 933 491 1012 paulum
513 951 528 991 a
550 933 636 992 turba
660 933 809 994 seductior
832 934 909 993 audi.

122 1018 250 1090 ebone,
274 1037 346 1078 num
369 1015 511 1097 ignoras?
533 1018 620 1078 missa
643 1026 689 1078 est
710 1036 725 1077 a
749 1018 871 1079 Caesare
893 1019 993 1078 laurus

124 1104 270 1181 insignem
295 1103 332 1162 ob
356 1103 467 1163 cladem
491 1103 654 1163 Germanae
676 1103 773 1181 pubis,
797 1115 826 1163 et
850 1105 908 1164 aris

122 1188 246 1267 frigidus
269 1188 416 1249 excutitur
439 1188 523 1262 cinis,
546 1206 580 1247 ac
603 1188 659 1247 iam
682 1187 817 1266 postibus
839 1207 928 1262 arma,

122 1273 178 1333 iam
202 1274 370 1353 chlamydas
392 1291 507 1352 regum,
530 1273 586 1332 iam
609 1274 687 1333 lutea
710 1292 837 1352 gausapa
860 1274 951 1353 captis

123 1359 284 1437 essedaque
309 1360 505 1438 ingentesque
529 1357 606 1418 locat
629 1357 770 1419 Caesonia
792 1359 922 1419 Rhenes.

123 1444 167 1504 dis
189 1445 279 1521 igitur
302 1444 450 1522 genioque
473 1443 556 1504 ducis
579 1453 699 1503 centum
722 1444 803 1522 paria
827 1442 866 1503 ob
889 1463 937 1505 res

123 1531 241 1608 egregie
263 1538 358 1606 gestas
381 1529 499 1589 induco.
538 1528 604 1607 quis
625 1526 726 1589 vetat?
748 1528 832 1588 aude.

122 1632 183 1687 vae,
207 1614 263 1674 nisi
287 1614 416 1674 conires.
453 1613 551 1674 oleum
574 1623 781 1693 artocreasque
804 1614 923 1693 popello
1171 1620 1199 1670 50

123 1698 242 1777 largior.
282 1716 318 1758 an
343 1696 507 1777 prohibes?
530 1699 577 1758 dic
600 1697 687 1759 clare.
723 1692 798 1759 ‘non
821 1689 908 1760 adeo'
934 1697 1034 1776 inquis

209 1873 248 1929 36
272 1870 360 1927 solent
381 1870 550 1945 pigmentarii
572 1886 665 1927 ceraso
688 1871 784 1927 casiam
807 1871 967 1934 admiscere,
997 1871 1068 1926 sicut
1090 1879 1116 1924 et
1137 1866 1200 1922 alias

122 1972 223 2013 merces
246 1956 407 2013 adulterant.
544 1959 582 2015 37
608 1954 688 2011 verba
709 1956 794 2020 avari,
826 1972 894 2030 quae
922 1956 971 2011 sibi
993 1972 1008 2010 a
1029 1971 1079 2011 suo
1102 1953 1200 2008 herede

124 2041 194 2097 dicta
229 2042 320 2116 lingit:
358 2050 424 2097 tune
464 2058 520 2097 rem
552 2040 707 2096 familiarem
739 2043 771 2097 ad
804 2058 847 2098 me
881 2051 924 2097 tua
957 2050 1044 2097 morte
1077 2036 1201 2095 defluxu-

122 2142 179 2182 ram
200 2125 326 2183 minuas‘l
415 2128 452 2184 38
477 2144 508 2182 eo
531 2126 612 2182 modo
636 2127 749 2199 contigit
769 2134 800 2182 ut
821 2135 958 2184 externam
977 2124 1134 2199 sapientiam
1150 2139 1201 2197 pa-

122 2213 187 2267 riter
210 2229 269 2268 eum
292 2211 440 2286 peregrinis
462 2211 595 2268 mercibus
618 2228 774 2268 emeremus.
895 2215 934 2269 40
958 2228 1047 2268 crasso
1070 2209 1199 2282 unguine.

124 2297 184 2370 quia
207 2314 268 2355 cum
290 2297 397 2354 rusticis
419 2295 507 2352 oleum
530 2295 653 2361 deluerit,
676 2297 782 2370 adipem
795 2297 928 2372 pecudum
943 2297 970 2351 in
986 2295 1075 2370 pultes
1090 2295 1200 2351 missurn

122 2400 173 2456 pro
198 2382 258 2439 oleo
280 2383 423 2456 accipiunt.
495 2384 531 2440 41
559 2380 640 2438 verba
661 2383 745 2438 Persii
766 2384 799 2440 ad
820 2399 938 2446 avarum,
962 2382 1058 2454 quise
1081 2381 1115 2436 de
1137 2397 1201 2437 ver-

122 2466 163 2522 bis
186 2469 228 2525 sui
250 2467 363 2531 heredis,
386 2482 420 2522 ne
442 2466 585 2540 largiretur
606 2467 688 2541 inopi,
712 2467 864 2525 excusabat.
888 2475 915 2523 et
936 2466 988 2522 boc
1011 2466 1086 2521 dicit:
1120 2483 1201 2522 num-

124 2554 187 2626 quid
210 2563 354 2627 postquam
376 2551 499 2626 sepultus
522 2551 613 2619 fueris,
638 2553 730 2609 timeas
753 2571 787 2611 ne
808 2555 864 2610 sine
886 2551 1035 2608 honoribus
1058 2550 1135 2607 heres
1154 2549 1202 2606 tibi

123 2636 201 2694 faciat
233 2634 420 2712 sepulturam?
551 2640 590 2696 43
615 2655 631 2694 o
653 2639 690 2694 mi
718 2640 809 2702 lieres,
840 2654 874 2693 ne
903 2645 929 2693 te
950 2637 1019 2693 scire
1040 2636 1199 2698 dissimules,

124 2739 258 2796 cognosce
280 2724 398 2779 Caesaris
421 2724 550 2797 grandem
572 2724 605 2780 de
628 2723 764 2781 Germanis
786 2722 960 2797 triumphum.
993 2732 1105 2795 propter
1127 2720 1201 2794 qnod

124 2808 223 2880 templa
250 2808 327 2864 donis
356 2816 382 2864 et
410 2825 471 2865 arae
501 2808 613 2866 victimis
635 2808 668 2866 ab
691 2808 816 2864 omnibus
839 2807 1017 2864 cumulantur.
1051 2817 1078 2862 et
1100 2822 1151 2879 ego
1174 2807 1201 2863 iu

122 2891 255 2948 bonorem
278 2892 391 2948 deorum
414 2894 454 2949 vel
477 2893 605 2968 principis
627 2893 707 2966 genio
730 2892 856 2950 sacrificia
877 2909 1008 2966 praeparo
1031 2891 1119 2948 omnia
1134 2907 1201 2948 cen-

124 2985 187 3032 tena
208 2987 333 3042 mactare,
356 2977 382 3033 id
405 2988 447 3035 cst
468 2988 576 3035 centum
600 2988 690 3034 tauros
713 2987 740 3034 et
761 2988 868 3034 centum
891 2994 964 3034 oves.
1050 2981 1090 3035 45
1115 2977 1201 3050 capri-

124 3078 220 3118 vorum
242 3078 315 3119 arma
337 3063 372 3118 ob
394 3064 520 3120 indicium
542 3063 668 3120 victoriae
689 3063 715 3117 in
738 3062 861 3136 postibus
882 3063 1043 3136 figebantur.
1113 3065 1152 3120 46
1169 3062 1202 3118 ad

124 3146 296 3221 splendorem
320 3147 445 3222 triumphi
467 3158 554 3205 vestes
577 3146 680 3203 nobdes
701 3148 785 3221 ipsius
806 3165 875 3204 uxor
896 3148 1023 3223 principis
1052 3157 1201 3222 praeparat.

124 3250 241 3309 gausapa
262 3233 325 3290 dicit
347 3251 433 3307 genus
455 3233 527 3306 pillei
549 3249 604 3306 quo
627 3232 792 3307 captivorum
814 3233 899 3308 capita
920 3235 1110 3291 induebantur.

211 3323 248 3378 51
274 3320 362 3375 omnia
383 3317 486 3393 populo
508 3317 663 3391 expendam.

212 3467 244 3517 36
263 3467 391 3532 picenta
466 3467 594 3516 castaeP
670 3467 702 3517 37
721 3464 968 3518 'lune—minuas?
987 3470 1012 3515 et
1028 3465 1061 3516 41
1081 3463 1201 3516 llaec-

125 3535 243 3584 metuas?
265 3538 338 3585 certer
354 3552 382 3584 se
406 3536 574 3597 transposuit
591 3533 729 3595 Siccensis,
754 3551 849 3585 uersus
867 3535 968 3585 37-40
987 3536 1126 3598 posterius
1150 3536 1202 3584 bue

126 3605 265 3651 accessisse
283 3605 397 3653 coniecit
416 3602 442 3652 C.
460 3601 493 3652 F.
512 3602 681 3652 Hermonem
750 3609 775 3653 et
793 3604 853 3653 aP:
873 3600 919 3652 sed
934 3616 953 3664 ρ
1024 3603 1056 3653 39
1069 3601 1157 3666 pipere
1169 3618 1201 3666 p:

126 3670 198 3736 piper
217 3672 272 3720 dtP
345 3673 379 3723 lu
397 3683 481 3721 crassa
501 3672 556 3720 αΡ
630 3673 661 3722 41
680 3669 726 3721 Hic
745 3669 839 3720 menide
858 3668 963 3720 ulterior
982 3676 1005 3719 α
1083 3672 1117 3723 43
1136 3668 1202 3721 Obe-

126 3753 186 3788 num
204 3738 306 3802 ignoras
326 3745 349 3788 α
459 3740 493 3788 44
511 3736 616 3789 caudent
635 3737 809 3803 Plaudemp
920 3738 954 3788 46
972 3736 1095 3788 clamides
1112 3738 1202 3788 Pcla-

126 3804 207 3856 mides
226 3813 249 3856 α
351 3804 433 3869 captis
452 3806 476 3854 P
496 3807 651 3856 Priscianus
673 3821 702 3870 p.
719 3805 771 3857 333
789 3804 895 3856 sesso:
922 3806 998 3857 uictis
1017 3812 1041 3856 α
1059 3807 1101 3856 uel
1125 3806 1201 3858 uictis

125 3875 261 3936 margo?
328 3876 360 3925 47
379 3874 497 3938 ingentes
514 3876 572 3924 sine
591 3889 642 3941 que
661 3880 683 3923 α
753 3873 848 3924 rhenus
868 3880 891 3923 α
961 3876 993 3926 48
1013 3875 1082 3940 paris
1103 3889 1153 3924 om.
1171 3876 1202 3923 in

125 3955 207 3991 uersu
225 3942 286 3992 odd.
309 3944 338 3991 in
360 3945 485 4006 margins
509 3943 533 3991 P
555 3943 636 4008 patria
656 3948 679 3991 α
784 3944 816 3994 49
842 3940 983 4008 Aegregiae
1005 3944 1029 3993 P
1049 3942 1157 4009 Egregia
1177 3948 1201 3992 α

195 4012 227 4062 50
239 4009 346 4061 conlues
360 4016 383 4059 α
436 4013 466 4062 st
480 4010 576 4077 largior
588 4011 611 4061 P
621 4011 776 4061 merianus
785 4025 815 4075 p.
830 4010 891 4062 479:
905 4009 1035 4078 largiora
1087 4009 1169 4062 audeo
1182 4010 1206 4060 P
