2656 4440
488 242 610 295 LIBERI
645 241 776 294 SATVRA
795 243 824 295 lll

126 433 184 476 nam
207 415 280 495 quid
304 434 384 496 agas,
407 433 474 475 cum
497 423 527 474 te
549 415 679 475 furiosus
701 425 786 493 cogat
808 427 837 478 et
859 417 935 478 idem

125 498 246 561 lortinr‘l
266 492 374 562 “unde
396 493 527 560 venis?''
553 500 696 560 exclamat
713 493 824 562 “cuius
846 513 939 572 aceto,

124 587 203 646 cuius
226 587 344 647 conche
365 580 483 647 tumes?
507 586 573 663 quis
595 594 693 646 tecum
716 586 816 648 sectile
838 607 961 667 porrum

124 680 202 732 sutor
225 681 256 732 et
280 671 348 732 elixi
369 671 499 732 vervecis
522 670 601 730 labra
626 669 776 732 comedit?

124 757 163 817 nil
184 757 257 817 mihi
280 753 466 836 respondes?
488 765 539 815 aut
561 756 607 815 dic
630 766 682 816 aut
704 757 804 835 accipe
827 760 946 819 calcem.

123 842 173 902 ede
194 841 249 902 ubi
272 842 426 913 consistas,
448 840 478 901 in
505 858 562 918 qna
584 850 613 900 te
636 859 745 918 quaero
769 836 981 921 proseucha?''

124 926 221 987 dicere
243 927 267 988 si
290 935 416 1006 temptes
439 925 549 1003 aliquid
572 927 714 987 tacitusve
738 929 866 1003 recedas,

122 1013 304 1073 tantumdem
328 1022 386 1073 est:
410 1011 523 1071 feriunt
543 1011 664 1089 pariter,
686 1011 849 1074 vadimonia
872 1015 978 1076 deinde

123 1097 186 1157 irati
210 1098 333 1158 iaciunt.
378 1096 500 1157 libertas
520 1097 662 1175 pauperis
685 1099 756 1158 haec
780 1108 836 1159 est:

122 1183 256 1260 pulsatus
277 1190 363 1260 rogat
385 1192 414 1243 et
435 1182 546 1260 pugnis
569 1182 706 1243 concisus
729 1183 830 1244 adorat

121 1277 153 1328 ut
175 1268 263 1328 liceat
284 1268 386 1347 paucis
409 1285 476 1326 cum
499 1266 639 1328 dentibus
661 1267 730 1328 inde
752 1270 868 1329 reverti.

123 1372 179 1414 nec
202 1362 299 1413 tamen
324 1355 397 1414 haec
418 1359 533 1412 tantum
557 1362 681 1413 metuas.
726 1372 795 1413 nam
819 1355 870 1432 qni
893 1355 1000 1435 spoliet
1022 1363 1050 1415 tc

123 1457 186 1498 non
210 1439 287 1498 derit
308 1436 416 1499 clausis
438 1435 585 1509 domibus,
607 1449 766 1517 postquam
790 1441 886 1500 omnis
909 1440 1019 1520 ubique

121 1525 178 1584 fixa
202 1531 353 1584 catenatae
374 1521 455 1584 siluit
477 1541 622 1602 compago
644 1522 795 1584 tabernae.

122 1609 272 1669 interdum
296 1617 326 1669 et
346 1610 427 1669 ferro
450 1607 567 1669 subitus
588 1618 738 1688 grassator
760 1611 820 1687 agit
842 1627 921 1693 rem3

123 1703 235 1754 armato
258 1694 396 1773 quotiens
417 1701 498 1753 tutae
521 1693 643 1754 custode
665 1703 808 1755 tenentur

123 1787 152 1840 et
174 1780 331 1859 Pomptina
354 1779 439 1858 palus
461 1787 490 1839 et
513 1778 672 1839 Gallinaria
695 1779 793 1858 pinus,

123 1865 165 1925 sic
188 1865 258 1925 inde
281 1865 339 1926 huc
362 1881 467 1925 omnes
488 1874 638 1943 tamquam
662 1864 698 1924 ad
720 1865 827 1926 vivaria
853 1877 988 1927 currunt.

124 1968 182 2028 qua
204 1950 326 2011 fornace
349 1967 463 2028 graves,
487 1968 542 2028 qua
569 1968 629 2010 non
654 1950 762 2010 incude
784 1949 928 2012 catenae?

120 2035 268 2096 maximus
290 2036 319 2095 in
344 2034 448 2097 vinclis
471 2035 543 2095 ferri
568 2029 681 2106 modu's,
704 2045 739 2095 ut
760 2036 863 2097 timeas
885 2054 924 2098 ne

121 2138 224 2181 vomer
246 2121 370 2194 deficiat,
394 2138 432 2180 ne
454 2137 570 2181 marrae
593 2130 623 2180 et
644 2121 756 2181 sarcula
780 2121 887 2184 desint.

122 2205 223 2266 lelices
245 2223 424 2284 proavorum
447 2215 556 2278 atavos,
581 2206 676 2266 lelicia
700 2207 780 2266 dicas

123 2290 240 2351 saecula
263 2308 337 2370 quae
361 2291 510 2370 quondam
534 2290 590 2352 sub
613 2291 734 2369 regibus
757 2301 845 2369 atque
866 2291 996 2353 tribunis

124 2375 262 2436 viderunt
284 2394 346 2436 uno
369 2385 542 2436 contentam
565 2393 683 2437 carcere
707 2377 841 2436 Romam.

209 2548 269 2606 293
293 2547 395 2604 conche
419 2558 486 2604 tum.
508 2547 568 2604 laha
591 2547 699 2605 inllatus
721 2566 759 2604 es.
875 2547 938 2603 lolia
960 2548 1036 2621 porri
1056 2546 1111 2604 sive
1134 2562 1203 2603 con·

122 2632 288 2690 dimentaria.
415 2634 476 2691 236
510 2634 617 2707 quidam
650 2651 750 2690 nomen
778 2632 832 2689 loci
865 2632 958 2690 dicunt
990 2633 1024 2688 ad
1053 2632 1204 2688 convivium

123 2718 301 2774 constitutum
327 2734 360 2774 ex
388 2719 484 2793 gaudio
514 2719 624 2775 dictum.
654 2720 695 2774 alli
726 2719 820 2775 dicunt
847 2718 939 2774 locum
967 2719 1001 2774 ad
1031 2735 1111 2792 quem
1135 2733 1204 2773 con-

123 2804 215 2860 venire
242 2802 367 2861 solebant
393 2803 507 2861 mendici
536 2804 568 2860 ad
601 2805 698 2878 stipem
730 2804 887 2879 petendam,
929 2804 973 2860 alii
1006 2803 1143 2861 tabernam
1176 2803 1204 2858 in

123 2905 176 2963 qua
197 2905 330 2964 pauperes
351 2888 454 2946 vivunt.
582 2891 733 2963 proseucha
754 2891 831 2948 loeus
854 2890 1023 2955 ludaeorum,
1047 2890 1093 2945 uhi
1117 2895 1204 2946 orant.

124 2965 359 3053 προσεύχεσθαι
380 2976 451 3032 enim
473 2991 568 3050 graece
583 2991 662 3032 orare
677 2977 783 3033 dicitur.
872 2975 932 3034 298
950 2977 1014 3033 haec
1028 2985 1070 3033 est
1084 2992 1204 3050 pauper·

124 3060 187 3116 tatis
209 3060 330 3124 miseria,
354 3068 385 3117 ut
405 3067 469 3134 post
491 3059 597 3117 caedem
619 3061 647 3116 in
669 3079 698 3119 se
721 3061 845 3119 collatam
868 3069 896 3118 et
917 3078 1010 3119 causas
1033 3061 1113 3118 dicat.

209 3147 271 3203 304
292 3143 345 3201 fixa
367 3154 487 3203 catenata
508 3153 558 3202 est.
582 3146 643 3218 quia
665 3157 771 3204 calenas
794 3147 909 3220 grandes
930 3146 1031 3203 ferreas
1046 3163 1095 3219 per
1108 3145 1205 3220 singu-

122 3227 161 3284 las
183 3245 245 3286 axes
266 3230 407 3287 inducunt.
496 3232 555 3288 306
579 3231 705 3304 quotiens
725 3232 845 3288 latrones
867 3231 1005 3305 praesidiis
1028 3230 1165 3287 collocatis
1191 3246 1206 3285 a

123 3313 209 3371 solitis
229 3315 297 3371 locis
320 3315 480 3382 deiciuntur,
503 3317 613 3371 Romam
635 3317 712 3390 quasi
733 3318 766 3373 ad
788 3325 875 3373 certas
896 3317 1082 3390 praedationes
1102 3315 1206 3389 retugi-

123 3406 183 3455 unt.
271 3401 332 3458 307
355 3401 416 3457 loca
436 3410 500 3458 sunt
521 3399 682 3458 abundantia
696 3402 849 3458 latronibus
864 3403 890 3458 in
907 3402 1056 3477 Campania.
1144 3401 1205 3459 308

123 3482 152 3540 id
174 3485 268 3541 estad
290 3495 401 3559 paratos
423 3496 526 3560 pastus.
636 3491 694 3546 311
720 3487 880 3545 ferramenta
906 3496 985 3552 sunt,
1015 3487 1113 3562 quibus
1135 3495 1207 3543 terra

124 3567 231 3626 colitur.
320 3572 381 3629 313
404 3572 465 3645 quia
488 3580 551 3645 post
572 3570 633 3628 illos
655 3590 734 3646 reges
755 3571 856 3629 tribuni
871 3591 907 3630 m.
923 3572 1059 3630 consulari
1073 3581 1207 3649 potestate

123 3670 182 3711 rem
203 3653 336 3729 publicam
359 3657 554 3730 gubernarunt.
641 3660 702 3716 314
719 3657 871 3715 Tullianum
892 3659 1002 3725 scilicet,
1026 3659 1102 3716 cuius
1122 3675 1208 3733 aeque

215 3805 264 3855 293
283 3803 380 3854 concha
396 3819 415 3869 p
488 3806 537 3857 296
556 3807 688 3858 1111235
710 3808 803 3871 posuit
820 3808 970 3871 angerma
1040 3805 1208 3859 19811111

130 3871 154 3920 Ρ
168 3871 195 3934 (1
211 3875 405 3937 superscripta,
424 3889 504 3923 erasa
522 3888 546 3924 m
565 3877 589 3923 si
604 3872 663 3934 fuit
680 3876 716 3938 m)
815 3877 866 3928 302
885 3876 943 3942 quis
961 3874 1054 3942 polliet
1071 3877 1139 3941 Ppr.

130 3939 181 3990 304
198 3939 379 3991 catenaestlnit
397 3941 422 3990 P
438 3957 507 3995 corr.
522 3957 542 4007 p
624 3945 675 3994 305
695 3956 747 3993 rem
766 3944 796 3991 io
815 3943 899 3995 litura
917 3944 940 3993 P
1021 3946 1068 3996 311
1089 3958 1171 3995 marra
1190 3945 1213 3994 Ρ

129 4019 245 4073 cmpru
263 4023 276 4060 a
295 4008 453 4060 ulteriorem
469 4025 487 4077 p
558 4012 608 4062 312
626 4009 692 4062 dicis
708 4027 727 4077 p
