2656 4440
504 271 627 325 LIBERI
661 273 794 326 SATVRA
811 274 843 327 Ill

139 451 165 504 et
185 443 365 504 ceromatico
388 445 447 503 lert
469 443 609 505 niceteria
632 445 718 506 collo.

139 527 182 587 hic
204 528 262 588 alta
286 528 424 609 Sicyone,
447 538 491 590 ast
513 530 561 590 hic
584 531 738 609 Amydone
760 532 870 605 relicta,

139 613 183 673 hic
204 614 320 686 Andro,
342 613 391 674 ille
414 614 511 688 Samo,
533 615 581 675 hic
604 615 752 677 Trallibus
773 626 824 677 aut
846 617 1005 680 Alabandis
1181 634 1209 682 to

138 698 281 776 Esquilias
303 699 473 777 dictumque
495 708 603 778 petunt
624 719 640 760 a
661 701 771 761 vimine
793 702 907 773 collem,

137 784 245 844 viscera
268 802 443 863 magnarum
466 785 607 846 domuum
631 787 802 864 dominique
824 788 925 847 luturi.

137 869 288 948 ingenium
311 870 405 943 velox,
428 870 547 930 audacia
570 871 694 950 perdita,
717 891 814 931 sermo

137 963 294 1033 promptus
317 962 346 1014 et
368 955 450 1015 lsaeo
472 956 644 1016 torrentior.
690 958 743 1016 ede
766 958 835 1035 quid
859 957 940 1018 illum

138 1057 200 1099 esse
223 1048 320 1118 putes.
358 1040 491 1118 quemvis
513 1040 663 1102 hominem
687 1060 787 1102 secum
811 1043 907 1103 attulit
929 1043 964 1103 ad
989 1062 1059 1105 nos:
1179 1055 1208 1104 75

137 1125 344 1204 grammaticus
366 1125 469 1184 rhetor
491 1135 657 1204 geometres
679 1126 777 1204 pictor
799 1128 903 1206 aliptes

136 1228 230 1288 augur
251 1210 468 1270 schoenobates
490 1211 621 1271 medicus
644 1229 756 1290 magus,
780 1214 877 1272 omnia
901 1213 983 1273 novit

137 1295 299 1356 Graeculus
321 1295 470 1376 esuriens;
493 1295 523 1355 in
548 1297 673 1365 caelum,
696 1298 824 1369 iusseris,
848 1298 911 1358 ibit.

136 1381 164 1440 in
188 1399 304 1441 summa
327 1400 387 1441 non
412 1380 532 1442 Maurus
554 1390 616 1441 erat
638 1400 737 1459 neque
760 1383 890 1443 Sarmata
915 1402 970 1444 nec
993 1383 1090 1444 Thrax

136 1467 185 1543 qui
209 1466 336 1544 sumpsit
358 1467 475 1544 pinnas,
497 1467 601 1528 mediis
623 1468 675 1527 sed
699 1477 785 1528 natus
807 1468 940 1530 Athenis.

134 1551 240 1610 horum
264 1569 319 1630 ego
343 1570 404 1611 non
427 1550 535 1628 lugiam
560 1550 736 1631 conchylia?
759 1570 805 1612 me
830 1555 911 1631 prior
933 1554 982 1614 ille

134 1634 263 1714 signabit
284 1635 435 1714 fultusque
458 1645 525 1696 toro
547 1637 670 1697 meliore
693 1637 857 1709 recumbet,

134 1722 272 1781 advectus
295 1720 416 1781 Romam
442 1739 501 1799 quo
524 1740 620 1800 pruna
644 1731 673 1783 et
695 1732 815 1782 cottona
837 1721 950 1783 vento?

133 1805 323 1884 usqueadeo
346 1806 420 1867 nihil
442 1816 496 1878 est,
523 1806 603 1884 quod
626 1816 726 1868 nostra
749 1809 872 1868 infantia
896 1809 1008 1869 caelum

133 1891 229 1952 hausit
251 1891 389 1951 Aventini
412 1891 485 1951 baca
511 1892 621 1952 nutrita
645 1890 778 1952 Sabina?

133 1976 202 2053 quid
227 1977 304 2054 quod
329 1976 467 2036 adulandi
489 1995 564 2055 gens
585 1977 814 2055 prudentissima
836 1977 936 2038 laudat

132 2079 302 2121 sermonem
324 2060 447 2131 indocti,
470 2061 573 2122 faciem
597 2061 738 2124 deformis
761 2064 855 2134 amici,

133 2156 161 2205 et
182 2146 304 2224 longum
327 2145 446 2206 invalidi
470 2146 578 2207 collum
601 2148 766 2209 cervicibus
792 2156 898 2227 aequat

133 2231 268 2292 Herculis
289 2232 434 2291 Antaeum
459 2232 564 2310 procul
585 2251 601 2291 a
624 2233 731 2293 tellure
758 2234 896 2304 tenentis

132 2316 256 2375 miratur
276 2334 379 2376 vocem
401 2324 566 2395 angustam,
591 2336 648 2395 qua
671 2319 801 2378 deterius
824 2337 880 2378 nec

131 2401 179 2461 ille
202 2410 289 2462 sonat
312 2419 372 2480 quo
395 2401 549 2461 mordetur
570 2403 679 2482 gallina
702 2401 831 2463 marito?

130 2486 203 2547 haec
225 2486 326 2546 cadem
350 2485 418 2547 licet
441 2495 470 2546 et
492 2486 580 2546 nohis
601 2488 731 2560 laudare,
754 2488 806 2548 sed
829 2487 885 2548 illis

130 2570 270 2632 creditur.
313 2590 352 2632 an
375 2571 488 2645 melior,
512 2590 579 2632 curn
603 2573 712 2633 Thaida
736 2573 863 2632 sustinet
885 2581 935 2631 aut
958 2588 1024 2630 cum

129 2675 252 2717 uxorem
276 2656 437 2718 comoedus
459 2656 518 2736 agit
539 2658 584 2718 vel
607 2657 715 2718 Dorida
738 2657 820 2717 nullo

216 2815 253 2870 70
276 2811 325 2868 hae
348 2829 441 2869 omnes
463 2812 545 2868 urbes
567 2823 631 2869 sunt
653 2821 681 2868 et
701 2811 804 2868 insulae
822 2811 907 2881 Asiae,
931 2828 1042 2886 quarum
1058 2811 1203 2866 amoenitas

127 2905 155 2952 et
191 2896 256 2954 caeli
289 2899 431 2972 temperies
462 2897 648 2955 dissolutiores
679 2897 760 2954 elficit
788 2898 869 2953 viros.
899 2914 1013 2971 quarum
1041 2896 1145 2953 accolas
1174 2897 1203 2951 in

126 2980 220 3038 urbem
241 2982 352 3038 Romam
375 2983 502 3039 transisse
523 2982 665 3056 significat.
758 2984 797 3041 72
821 2983 962 3040 interiores
984 2983 1068 3039 amici.
1163 2985 1202 3039 74

123 3056 226 3124 ‘lsaeus
254 3066 348 3124 rhetor
378 3068 430 3124 luit
452 3068 636 3131 Atheniensis,
667 3077 699 3124 ut
720 3068 827 3125 Probus
849 3069 945 3142 inquit,
969 3067 1041 3123 illius
1063 3067 1200 3140 temporis.

126 3153 201 3208 cuius
224 3161 251 3209 et
272 3152 442 3228 Tranquillus
463 3153 591 3210 meminit.
614 3154 683 3210 alter
704 3154 842 3212 lsoeratis.
873 3163 905 3208 ut
926 3152 1032 3216 lerunt,
1056 3149 1202 3223 discipulus

123 3247 337 3313 praeceptorque
354 3238 547 3303 Demosthenis,
571 3248 603 3294 ut
624 3238 731 3312 quidam
747 3239 876 3307 sentiunt,
901 3236 1079 3297 Atheniensis,
1103 3246 1134 3290 ut
1148 3234 1201 3305 alii,

125 3322 289 3381 Chalcideus.
312 3325 359 3381 sed
382 3326 482 3380 lsaeum
506 3324 602 3379 dixisse
624 3323 696 3379 hunc
719 3323 793 3380 credi
814 3339 862 3395 par
884 3331 939 3384 est,
970 3322 1002 3376 de
1024 3337 1078 3393 quo
1099 3318 1201 3374 Plinius

123 3408 149 3462 in
174 3408 293 3483 epistolis
316 3408 356 3483 [2‚
381 3407 411 3482 3]
430 3398 540 3482 ‘magna
561 3409 663 3465 lsaeum
679 3407 747 3464 lama
762 3414 953 3481 praecesserat,
976 3406 1061 3460 maior
1076 3405 1200 3460 inventus

123 3483 170 3549 est'
200 3492 293 3551 Valla.
412 3497 451 3551 79
474 3494 500 3549 in
524 3512 635 3550 summa.
658 3495 691 3551 ad
713 3501 888 3568 postremum,
916 3499 946 3547 ut
971 3491 1041 3563 Virg.
1066 3488 1145 3562 [Aea.
1170 3494 1199 3560 4,

122 3577 196 3652 237]
223 3568 302 3636 ‘haec
324 3595 427 3636 summa
449 3567 509 3637 est'.
532 3579 565 3636 ad
588 3579 724 3636 ultimum.
855 3579 890 3635 81
917 3576 1023 3631 fucatos
1044 3575 1151 3631 habitus
1173 3583 1200 3631 et

121 3663 255 3722 Romanae
278 3672 356 3738 togae
379 3664 585 3722 erubescendos.
608 3665 634 3720 id
657 3673 698 3722 est
720 3664 854 3738 capitium.
879 3677 1023 3735 purpuras,
1045 3677 1112 3734 quas
1130 3676 1200 3715 eon-

122 3748 208 3823 chylia
230 3751 349 3824 gignant.
455 3753 494 3807 90
517 3751 542 3806 id
566 3760 608 3806 est
629 3750 762 3825 gracilem.
871 3751 910 3805 94
934 3764 967 3802 an
990 3744 1084 3802 melius
1106 3744 1200 3819 aliquis

209 3899 242 3950 68
262 3898 361 3949 leretP
427 3900 459 3950 69
478 3897 613 3962 amigdone
626 3900 692 3964 Ppr.
763 3899 795 3949 78
814 3896 918 3947 iusseris
929 3901 998 3960 pw:
1018 3893 1116 3945 miseris
1129 3895 1200 3944 Aro-

122 3969 267 4016 atener'eet
283 3971 314 4015 nt
333 3967 486 4016 uideturP
518 3997 521 4001 >
552 3968 585 4018 79
603 3966 643 4017 Ad
663 3967 763 4017 summa
779 3982 796 4031 p
880 3965 912 4016 80
931 3963 1041 4025 athenis]
1060 3962 1142 4013 ahiuis
1159 3965 1199 4011 cic

122 4037 180 4085 siae
199 4048 247 4100 cp
318 4036 351 4086 94
369 4034 441 4100 pullo
459 4034 618 4084 Bachnerus

957 4115 994 4166 6*
