2656 4440
232 250 272 310 10
718 249 822 304 PEllSll

230 425 314 486 nilne
336 423 429 504 pudet
451 423 538 503 capiti
561 442 622 483 non
644 442 733 502 posse
754 423 885 502 pericula
907 441 982 483 cano

227 509 351 613 pellere,
375 510 446 588 quin
470 509 602 587 tepidum
625 509 683 568 boc
705 518 790 589 optes
812 509 914 569 audire
930 496 1127 567 ‘decenter'l

242 595 290 655 lur
312 584 357 656 es'
382 595 425 655 ait
445 594 545 654 Pedio.
590 594 698 654 Pedius
721 591 812 671 quidl
836 592 960 654 crimina
982 592 1055 653 rasis

230 679 320 741 librat
341 680 371 741 in
395 679 555 751 antithetis,
579 680 680 740 doctas
703 679 837 757 posuisse
860 679 969 756 figuras

234 764 378 840 laudatur,
397 757 522 825 ‘bellum
545 763 628 824 boe'.
673 764 730 824 hoe
752 761 885 824 hellum‘t
908 781 956 837 an,
979 761 1114 834 Romule,
1138 759 1245 822 ceres?

231 868 300 911 meu
323 847 460 911 moreat?
483 849 594 929 quippe
616 858 646 910 et
667 857 766 909 cantet
787 849 812 910 si
835 850 1004 923 naufragus,
1028 865 1123 908 assem

232 932 430 1015 protulerim?
454 945 564 1006 cantas,
588 952 656 995 cum
678 935 769 994 fracta
791 944 820 994 te
844 935 874 994 in
897 932 981 994 trabe
1002 932 1115 1011 pictum

232 1039 266 1080 ex
289 1039 393 1081 umero
416 1017 541 1099 portes?
563 1037 665 1079 rerum
690 1037 745 1080 nec
768 1028 856 1080 nocte
878 1025 1013 1098 paratum
1280 1024 1312 1076 to

231 1104 369 1184 plorabit,
393 1106 443 1184 qui
466 1124 513 1165 me
535 1104 614 1166 volet
635 1105 804 1165 incurvasse
827 1103 967 1183 querella.

269 1188 337 1252 ‘sed
360 1191 494 1251 numeris
515 1190 607 1251 decor
628 1199 673 1250 est
695 1198 724 1250 et
745 1190 882 1250 iunctura
905 1188 1001 1248 addita
1024 1187 1133 1248 crudis.

232 1275 374 1337 claudere
397 1277 439 1337 sic
460 1293 579 1336 versum
601 1275 703 1336 didicit
717 1268 939 1355 “Berecyntius
962 1263 1059 1333 httis”

233 1372 263 1422 et
279 1354 357 1440 “qui
379 1361 549 1422 caeruleum
571 1360 728 1421 dirimebat
748 1361 843 1421 Nerea
866 1355 1020 1438 delphin'',

234 1549 356 1625 ephebus
378 1550 436 1606 sine
463 1549 533 1623 pilis.
642 1551 681 1608 85
704 1549 802 1605 Pedius
830 1549 935 1623 quidam
958 1548 1004 1603 illo
1027 1555 1149 1621 tempore
1171 1545 1311 1600 damnatus

233 1644 275 1692 est
295 1635 472 1709 pecuniarum
493 1635 712 1708 repetundarum.
750 1635 793 1690 cui
816 1651 877 1690 cum
896 1632 1029 1690 obiectum
1045 1641 1116 1689 esset
1128 1628 1310 1696 latrocinium,

231 1735 287 1775 non
317 1736 347 1776 se
373 1718 481 1775 fortiter
508 1720 698 1792 respondendo
728 1719 868 1792 purgavit,
902 1718 949 1775 sed
977 1734 1009 1774 ex
1030 1716 1226 1791 compositione
1248 1731 1312 1770 rer-

231 1822 310 1861 suum
332 1805 451 1860 favorem
473 1802 626 1879 quaerebat,
649 1803 742 1877 figuris
765 1804 912 1860 dictionum
935 1803 1061 1864 serviens,
1086 1818 1198 1858 securus
1220 1798 1312 1856 crimi-

231 1906 296 1946 num
318 1890 494 1946 diversorum.
581 1891 621 1947 86
645 1889 773 1946 antitheta
796 1898 860 1944 sunt
883 1889 961 1945 haec:
984 1877 1078 1943 ‘fortia
1100 1885 1215 1958 neglecti
1237 1883 1314 1940 vela-

231 1973 297 2031 bant
324 1974 392 2032 colla
421 1973 524 2048 capilli:
555 1983 583 2030 et
611 1990 661 2048 per
682 1973 820 2045 neglectos
848 1972 973 2030 velabant
1000 1972 1068 2029 colla
1097 1957 1231 2046 capillos',
1251 1958 1314 2027 ‘aut

232 2061 358 2133 quotiens
380 2058 476 2115 umbra
497 2059 604 2133 porrexi
626 2057 734 2115 brachia
754 2068 841 2115 mota:
872 2068 919 2116 aut
947 2057 1072 2132 quotiens
1099 2055 1195 2113 umbra
1217 2055 1313 2112 reduxi

233 2142 340 2200 brachia
361 2139 461 2200 mota'.
505 2143 652 2199 antbitbeta
675 2143 802 2201 dicuntur
824 2145 974 2200 contrariae
997 2143 1112 2216 figurae,
1142 2150 1174 2198 ut
1191 2130 1312 2213 ‘semper

232 2237 351 2302 egentes,
373 2229 474 2285 multos
495 2236 583 2284 autem
605 2216 814 2302 locupletantes³
846 2229 875 2304 [2
901 2228 1078 2292 Corinthii,
1106 2226 1166 2300 10].
1211 2226 1311 2282 dicum

231 2323 278 2370 tur
300 2315 378 2371 etiam
401 2314 545 2375 antitheta,
569 2329 638 2387 quae
660 2323 753 2370 eontra
776 2333 804 2372 se
826 2323 967 2389 ponuntur
989 2322 1020 2370 ut
1039 2303 1101 2369 ‘bac
1123 2320 1198 2386 parte
1220 2310 1313 2385 pudor

230 2408 348 2474 pugnat,
381 2398 453 2456 illinc
473 2397 638 2474 petulantia3
668 2400 730 2455 hinc
758 2400 899 2474 pudicitia,
929 2399 1003 2455 illinc
1025 2385 1163 2473 stuprum'
1195 2394 1310 2471 [Cicero

233 2483 318 2542 Cutil.
341 2485 370 2550 2,
395 2482 456 2559 25].
577 2488 616 2543 87
641 2501 718 2541 ceres
739 2485 834 2541 molles
858 2494 885 2540 et
907 2483 1056 2541 obscaenos
1080 2483 1198 2539 clunium
1219 2490 1312 2537 motus

231 2570 372 2644 significat.
417 2586 451 2626 an
473 2580 513 2637 tu,
537 2573 663 2635 Romane,
686 2570 726 2625 vir
748 2588 804 2626 non
827 2567 876 2627 esi
958 2572 996 2628 89
1020 2569 1092 2643 apud
1112 2576 1216 2624 veteres
1239 2567 1313 2641 passi

231 2656 367 2729 naufragia
403 2655 533 2721 tabulam,
563 2673 615 2730 qua
647 2655 755 2712 fuerant
781 2654 895 2719 liberati,
923 2654 1085 2729 pingebant,
1118 2670 1153 2709 ne
1187 2652 1314 2709 omnibus

232 2741 333 2797 cladem
355 2758 431 2796 suam
453 2742 635 2798 mendicantes
658 2749 821 2813 cogerentur
843 2757 960 2797 narrare.
1049 2742 1088 2796 90
1105 2754 1196 2793 verum
1212 2753 1314 2794 nomen

231 2842 282 2898 pro
304 2823 429 2881 adverbio
458 2842 529 2881 vere.
660 2826 699 2883 92
728 2825 858 2881 obiectio:
888 2825 935 2880 sed
964 2824 1023 2880 vide
1051 2823 1113 2895 quia
1141 2838 1233 2877 versus
1262 2823 1315 2878 nisi

231 2908 362 2981 levigatus
384 2909 427 2972 sit,
450 2926 500 2982 pro
524 2907 605 2964 nihilo
628 2918 679 2965 est.
717 2909 942 2982 quemadmodum
954 2908 1030 2965 cibus
1046 2906 1211 2961 semicrudus
1226 2906 1314 2963 inter-

233 2992 297 3057 ficit,
320 2992 358 3048 sic
381 3001 408 3049 et
429 3010 523 3048 versus
546 2993 713 3050 semicrudus
735 2993 836 3049 lacerat
847 3001 975 3048 mentem.
992 3007 1148 3046 sarcasmos.
1228 2993 1266 3048 93
1284 2992 1314 3049 bi

231 3095 325 3135 versus
348 3077 462 3151 exempli
484 3094 562 3134 causa
585 3085 735 3152 ponuntur.
779 3094 834 3133 non
858 3087 923 3133 sunt
945 3085 1033 3132 autem
1056 3075 1147 3141 Persii,
1171 3076 1217 3132 sed
1240 3094 1313 3148 poe-

231 3171 274 3220 tae
296 3163 385 3219 nescio
409 3164 485 3219 cuius
507 3164 709 3235 graecissantis‚
740 3165 786 3237 qui
817 3180 878 3220 cum
900 3178 974 3217 mare
996 3159 1167 3224 describeret,
1191 3162 1226 3216 ita
1248 3161 1315 3219 dixit

233 3248 340 3323 delphin
363 3250 391 3304 in
414 3248 580 3305 extremitate
601 3265 738 3305 versuum.
826 3250 866 3306 94
885 3247 1010 3302 Arionem
1033 3245 1095 3302 dicit
1116 3246 1311 3312 citharoedum,

233 3335 278 3408 qui
302 3351 364 3390 cum
386 3343 480 3407 captus
502 3342 574 3390 esset
602 3351 616 3390 a
644 3333 737 3407 piratis
766 3341 793 3389 et
820 3332 921 3389 vellent
949 3349 1010 3387 eum
1038 3332 1144 3387 mittere
1170 3333 1198 3386 iu
1226 3348 1311 3396 mare,

233 3419 382 3493 impetrarit
411 3427 443 3475 ut
465 3419 565 3476 cithara
588 3429 706 3475 caneret.
750 3418 887 3474 venientes
909 3426 999 3473 autem
1027 3416 1164 3491 delphines
1197 3417 1314 3490 proiecit

319 3601 351 3652 85
371 3599 435 3651 rosis
454 3607 478 3650 α
561 3602 594 3653 86
612 3598 704 3651 doctus
723 3599 847 3663 Scaliger
916 3601 946 3651 87
966 3598 1081 3650 Laudatu
1100 3613 1160 3648 cum
1178 3612 1190 3647 r
1208 3599 1238 3647 in
1254 3596 1310 3657 fine

233 3682 314 3732 super·
330 3668 437 3719 adiecta
449 3671 473 3720 P
486 3667 607 3720 Laudaus
625 3675 650 3718 α
668 3667 799 3717 Laudatus
823 3668 920 3718 scheda
938 3668 1078 3717 Rodiensis
1148 3666 1242 3716 bellum
1262 3666 1312 3717 boc

234 3735 328 3787 bellum
348 3742 372 3785 α
476 3737 547 3787 ciues
568 3753 585 3802 p
611 3731 738 3800 ‘temporo
760 3735 857 3795 futuro
875 3728 963 3787 ceues²
990 3737 1072 3787 Probi
1089 3735 1158 3786 cath.
1179 3733 1254 3785 GLK.
1272 3734 1312 3787 W

230 3820 259 3870 p.
279 3803 321 3865 37,
340 3803 410 3855 ceuis
430 3803 505 3857 GLK.
526 3805 566 3856 Vl
577 3821 605 3870 p.
625 3805 675 3856 489
763 3806 794 3856 88
813 3810 916 3855 moueat
935 3811 958 3853 α
1046 3806 1079 3856 90
1097 3811 1185 3869 portes
1203 3803 1230 3864 P,
1249 3816 1263 3852 e
1281 3805 1312 3852 ira

232 3888 296 3935 raa,
315 3871 357 3923 uel
375 3886 389 3921 a
407 3875 598 3938 superscripsit
614 3890 631 3936 p
702 3874 734 3924 91
755 3871 883 3938 querellas
901 3872 1000 3922 scheda
1010 3871 1076 3921 Bob.
1146 3873 1178 3923 92
1192 3872 1271 3921 cruris
1285 3877 1310 3921 α

303 3941 334 3992 99
355 3939 461 3992 Cludere
480 3947 504 3991 α
563 3940 584 3992 si
604 3948 627 3991 α
681 3939 777 3991 dedicit
796 3948 819 3990 α
839 3939 916 3991 didici
934 3942 1076 4006 Pprimum
1105 3938 1171 3990 bene
1190 3938 1312 4005 cynthius

232 4010 300 4074 Ppr.
370 4011 404 4061 94
421 4008 508 4075 delphi
528 4015 551 4058 α
