2656 4440
129 187 170 246 38
617 188 722 244 pensu

132 379 199 424 cum
222 361 318 442 capite
341 371 370 422 et
392 361 528 441 pedibus,
550 360 724 441 plebeiaquo
748 362 872 440 prandia
896 353 997 426 noris?

130 466 191 508 non
216 445 353 526 equidem
375 446 433 508 hoc
455 447 570 520 studeo,
593 446 711 525 pullatis
734 457 768 506 ut
788 447 861 508 mihi
884 448 971 526 nugis

130 533 238 614 pagina
260 541 409 612 turgescat
431 533 501 594 dare
524 533 642 611 pondus
664 531 770 591 idonea
793 534 885 593 fumo.

128 626 242 680 secrete
264 617 424 696 loquimur.
468 617 522 678 tibi
545 635 627 678 nunc
650 618 788 677 hortante
810 616 939 679 Camena

130 703 305 764 excutienda
328 703 430 764 damus
452 702 633 782 praecordia,
656 709 827 780 quantaque
850 712 970 764 nostrae

128 806 198 868 pars
219 796 269 849 tua
292 788 339 860 sit,
363 787 503 861 Cornute,
526 787 649 859 animae,
674 786 736 860 tibi,
759 786 854 849 dulcis
876 788 979 860 amice,

128 874 292 936 ostendisse
314 874 401 933 iuvat.
446 873 531 952 pulsa
554 871 709 934 dinoscere
732 881 836 934 cautus

129 957 200 1037 quid
223 959 350 1020 solidum
372 965 474 1037 crepet
496 966 526 1018 et
547 958 644 1036 pictae
666 957 789 1017 tectoria
810 957 939 1037 linguae.

129 1044 177 1104 hic
201 1063 255 1123 ego
279 1051 421 1104 centenas
443 1042 536 1103 ausim
559 1042 721 1120 deposcere
744 1044 853 1115 lauces,

127 1137 161 1189 ut
183 1138 328 1207 quantum
350 1126 422 1189 mihi
444 1136 474 1187 to
496 1128 619 1188 sinuoso
642 1127 674 1187 in
697 1136 820 1206 pectore
842 1127 902 1199 fixi,

128 1232 200 1274 voce
223 1216 336 1275 traham
358 1231 443 1292 pura,
466 1220 622 1292 totumque
645 1213 703 1272 hoc
724 1211 814 1272 verba
836 1212 1002 1292 resignent,

127 1297 207 1377 quod
229 1299 300 1360 latet
322 1316 430 1358 arcana
452 1316 514 1358 non
537 1296 704 1359 enarrabile
726 1296 810 1358 fibra.

170 1401 238 1444 cum
261 1384 391 1462 primum
414 1383 519 1462 pavido
542 1392 641 1444 custos
663 1383 735 1443 mibi
757 1400 890 1462 purpura
914 1381 1003 1444 cessit
1183 1388 1213 1442 tt

126 1469 267 1546 bullaque
290 1466 453 1528 subcinctis
476 1467 601 1529 Laribus
624 1468 732 1528 donata
752 1467 904 1547 pependit,

126 1649 154 1698 et
176 1639 325 1713 tragoedias
354 1641 546 1713 praetermitte.
638 1641 675 1698 18
699 1656 760 1696 cum
790 1641 877 1714 capite
903 1649 930 1696 et
952 1637 1067 1713 pedibus
1089 1637 1157 1694 dixit
1179 1637 1213 1695 ad

125 1725 294 1798 superiorem
316 1741 426 1782 sensum
444 1725 572 1789 referens,
597 1724 643 1780 ubi
660 1728 772 1781 Atreum
787 1724 909 1800 Thyestis
924 1723 995 1780 filios
1011 1723 1116 1780 coxisse
1131 1740 1211 1781 com-

124 1810 291 1871 memoravit.
336 1827 396 1867 cum
424 1810 469 1867 ille
490 1811 578 1867 minus
606 1810 680 1884 quod
703 1809 858 1868 comedebat
880 1816 1048 1884 agnosceret,
1072 1808 1163 1883 capite
1185 1817 1213 1866 et

123 1894 237 1970 pedibus
259 1894 376 1952 filiorum
400 1895 496 1952 oblatis
519 1894 655 1952 intellexit.
747 1898 782 1953 19
807 1895 922 1969 pullatas
944 1911 1029 1968 nugas
1052 1893 1211 1968 tragoedia-

122 1997 183 2037 rum
207 1981 244 2036 ait
263 1990 376 2054 propter
398 1981 487 2037 tristes
509 1979 621 2044 fabulas,
646 1988 673 2034 et
695 1980 767 2053 quod
790 1981 901 2036 maxime
922 1979 996 2055 pulla
1015 1987 1099 2045 veste,
1124 1979 1152 2035 id
1170 1988 1213 2037 est

122 2063 241 2136 lugubri,
264 2067 384 2138 tragoedi
406 2064 562 2122 utebantur.
584 2065 683 2136 legitur
704 2073 731 2120 et
753 2064 870 2130 bullatis,
894 2065 919 2121 id
942 2074 984 2122 est
1005 2064 1118 2121 ornatis.

124 2148 249 2224 pullatis,
279 2150 392 2224 palliatis
421 2151 532 2223 graecis.
664 2151 703 2207 22
727 2151 758 2205 ad
781 2151 921 2207 Annaeum
944 2151 1094 2207 Cornutum
1117 2149 1212 2223 pbilo-

123 2235 248 2309 sophum‚
272 2237 410 2310 egregium
432 2236 527 2298 virum,
552 2233 614 2309 quia
636 2234 693 2290 eius
716 2236 823 2291 auditor
838 2235 898 2300 luit,
921 2235 1054 2309 loquitur.
1076 2235 1212 2292 sententia

123 2320 313 2395 aPytbagora
341 2329 438 2384 tracta,
469 2319 513 2377 ille
540 2319 610 2376 euim
639 2319 821 2394 interrogatus
850 2321 913 2394 quid
937 2329 1008 2378 esset
1028 2319 1140 2386 amicus,
1165 2338 1210 2378 re-

123 2407 234 2479 spondit
262 2422 330 2479 quae
359 2404 486 2462 Horatius
514 2404 552 2462 sic
579 2405 672 2480 posuit
694 2404 750 2481 [od.
770 2410 802 2472 1,
821 2409 855 2470 3,
873 2404 902 2479 9]
926 2399 971 2462 ‘et
993 2422 1083 2461 serves
1105 2406 1210 2463 animae

122 2491 259 2548 dimidium
288 2486 382 2548 meae‘.
425 2491 534 2548 Persius
562 2499 650 2549 autem
678 2501 709 2548 ut
731 2491 826 2566 aliquid
851 2500 971 2555 novaret,
995 2490 1117 2564 permisit
1140 2491 1210 2548 Gor-

121 2584 189 2633 nuto
218 2576 372 2642 aestimare,
403 2586 530 2651 quantam
559 2577 638 2633 vellet
666 2579 792 2652 propriae
814 2577 915 2633 animae
937 2585 1040 2650 partem
1063 2591 1142 2631 suam
1166 2577 1211 2633 di-

123 2678 194 2718 cere.
267 2664 307 2718 24
330 2663 382 2719 boc
405 2663 481 2720 dicit:
506 2662 558 2718 scis
580 2663 651 2718 enim
672 2662 837 2736 intellegere,
861 2662 925 2736 quid
947 2662 982 2718 sit
1002 2661 1142 2733 integrum
1164 2669 1211 2718 ant

121 2746 256 2802 vitiosum.
279 2755 310 2801 ut
330 2746 400 2803 idem
422 2765 503 2820 supra
526 2745 566 2819 [3,
590 2744 641 2818 22]
659 2740 821 2820 ‘respondet
843 2747 919 2803 viridi
940 2763 996 2802 non
1019 2753 1096 2803 cocta
1118 2744 1213 2804 fidelia

121 2823 205 2884 limo'.
316 2831 354 2886 30
379 2831 442 2886 dicit
474 2849 503 2886 se
533 2839 613 2903 poeta
646 2846 708 2885 mox
741 2839 878 2904 praetexta
912 2832 1034 2906 deposita
1056 2831 1211 2888 Cornutum

122 2912 209 2985 sequi.
243 2921 380 2985 praetexta
413 2914 522 2987 puerilis
555 2923 596 2970 est
618 2915 698 2969 vestis
728 2932 780 2988 qua
809 2932 896 2988 usque
924 2917 957 2972 ad
983 2915 1099 2973 sedecim
1121 2933 1211 2974 annos

121 2996 199 3071 pueri
220 2995 375 3053 utebantur.
484 2997 578 3072 pavido
601 2998 639 3054 ait
661 2998 772 3062 timenti,
803 3000 875 3073 quod
898 3000 948 3057 sub
972 3009 1045 3058 metu
1067 3002 1210 3076 paedago-

121 3099 219 3156 gorum
252 3084 412 3157 praetextati
445 3092 518 3140 suut.
629 3084 665 3141 31
690 3083 763 3140 bulla
797 3102 882 3158 genus
912 3095 953 3142 est
984 3087 1065 3143 vestis
1094 3086 1211 3160 puerilis

123 3184 205 3241 quam
227 3168 317 3224 solent
338 3170 414 3243 pueri
438 3168 559 3242 deposita
581 3167 695 3241 pueritia
718 3169 766 3225 diis
789 3170 930 3243 penatibus
953 3171 1025 3228 dare.
1068 3170 1111 3227 vel
1134 3181 1212 3231 certe

121 3254 272 3310 ornamenti
298 3270 384 3327 genus
412 3262 453 3310 est
482 3253 555 3327 quod
578 3262 639 3310 ante
668 3255 837 3328 pubertatem
857 3255 1000 3313 habebant.
1023 3264 1055 3313 ut
1074 3258 1211 3315 luvenalis

121 3335 183 3410 [13‚
209 3337 258 3412 33]
282 3333 343 3394 ‘dic
369 3339 459 3395 senior
486 3338 560 3395 bulla
589 3334 762 3412 dignissime',
791 3341 817 3396 id
845 3350 886 3398 est
915 3342 961 3415 qui
984 3342 1081 3415 dignus
1104 3357 1133 3397 es
1156 3343 1211 3401 dici

121 3438 199 3495 puer.
279 3423 425 3480 subcinctis
447 3422 571 3480 Laribus.
595 3425 656 3498 quia
672 3423 774 3481 Gabino
797 3427 886 3484 cinctu
909 3427 945 3483 dii
966 3436 1078 3500 penates
1099 3426 1210 3486 forma-

119 3503 220 3563 bantur
242 3507 364 3565 obvoluti
387 3519 448 3582 toga
470 3526 553 3583 supra
575 3526 698 3567 umerum
720 3511 857 3568 sinistrum
881 3519 909 3568 et
930 3512 982 3567 sub
1005 3512 1109 3569 dextro.

207 3671 239 3723 18
257 3673 287 3722 in
305 3674 431 3737 margine
449 3680 473 3724 α
577 3674 646 3740 plebi
665 3689 715 3741 que
734 3677 758 3725 P
846 3678 877 3727 19
896 3673 1002 3728 bullatis
1020 3680 1039 3740 ς
1056 3676 1210 3742 ampullatis

121 3737 233 3788 Iahnius
313 3741 344 3792 21
359 3740 490 3805 ὃεοῑεῐίς
560 3743 593 3794 22
605 3748 753 3809 quantaque
767 3750 827 3809 ap:
846 3742 1037 3810 quandoqueP
1103 3746 1210 3813 2411111-

122 3805 305 3859 sandinoscere
322 3809 391 3873 Ppr.
474 3812 506 3863 26
524 3808 609 3861 HisP
680 3811 766 3862 auxim
784 3813 852 3876 Ppr.
923 3810 1010 3864 lauces
1029 3813 1063 3863 P:
1081 3827 1162 3865 uoces
1182 3823 1209 3867 α

206 3876 238 3927 28
256 3879 318 3940 puta
341 3884 364 3926 α
469 3883 553 3929 torum
571 3879 595 3929 P
610 3894 716 3945 correp
823 3880 855 3932 29
875 3877 930 3938 Quo
948 3881 972 3930 P
1071 3883 1167 3934 arcena
1185 3885 1212 3935 P

206 3944 240 3995 30
258 3942 304 3995 Cui
323 3951 346 3994 α
418 3947 449 3998 31
470 3946 614 3998 succinctus
635 3954 659 3998 α
