2656 4440
226 251 245 310 8
263 261 266 266 '
708 243 812 305 eliasu

268 425 334 504 quis
356 424 459 504 populi
481 442 579 485 sermo
601 422 668 486 est?
690 425 757 504 quis
779 426 859 487 enim
882 426 939 487 nisi
961 427 1094 487 carmina·
1112 426 1193 487 molli

224 529 307 571 nunc
329 510 448 571 demum
470 527 595 570 numero
617 509 719 586 lluerc,
742 521 775 572 ut
797 530 851 590 per
872 511 935 572 leve
956 531 1074 573 severos

224 594 357 656 ellundat
379 596 516 656 iunctura
537 593 675 672 ungues?
692 593 764 657 ‘scit
785 597 907 658 tendere
928 615 1044 659 versum

225 700 288 742 non
312 699 398 742 secus
420 680 500 741 acsi
523 680 610 741 oculo
632 681 780 741 rubricam
803 681 916 760 derigat
938 701 1009 743 uno.

223 766 284 826 sire
306 785 381 846 opus
403 766 433 826 in
457 782 565 839 mores,
588 766 619 826 in
641 765 752 840 luxum,
775 766 806 826 in
828 767 952 846 prandia
974 786 1079 848 regum

223 851 331 925 dicere,
354 871 403 912 res
425 852 552 929 grandes
570 859 675 912 nostro
698 852 747 912 dat
768 852 848 914 Musa
871 848 996 931 poetae?

222 955 292 997 ecce
315 938 403 998 modo
424 937 531 997 heroas
552 955 658 998 sensus
680 937 796 999 adferre
817 937 950 999 videmus

223 1023 330 1101 nugari
352 1022 454 1083 solitos
476 1040 592 1100 graece,
616 1040 672 1082 nec
694 1041 808 1102 ponere
830 1023 929 1084 lucum

220 1107 348 1168 artifices
370 1126 427 1168 nec
448 1123 501 1169 rus
522 1116 654 1168 saturum
677 1107 806 1180 laudare,
828 1107 880 1169 ubi
902 1108 1007 1169 corbes

222 1202 251 1253 et
274 1194 358 1254 focus
380 1203 410 1253 et
432 1192 516 1272 porci
539 1200 568 1252 ει
591 1192 706 1254 fumosa
728 1192 829 1254 Palilia
850 1193 947 1268 laeuo,

220 1279 300 1338 unde
322 1277 433 1339 Remus
455 1278 598 1355 sulcoque
621 1288 722 1339 terens
744 1277 881 1351 dentalia,
905 1277 1019 1352 Quinti,

220 1381 288 1424 cum
310 1363 424 1443 trepida
447 1372 515 1423 ante
537 1363 627 1424 boves
649 1363 820 1424 dictatorem
844 1362 941 1424 induit
962 1381 1037 1424 uxor

220 1586 282 1627 cum
309 1568 401 1633 vultu,
432 1567 506 1642 quod
537 1566 649 1624 laumas
677 1586 738 1625 cum
767 1569 833 1624 alios
856 1569 1015 1625 deridemus.
1060 1569 1122 1626 inde
1154 1567 1299 1623 sanniones

221 1653 285 1710 dicti
307 1653 354 1727 qui
375 1670 431 1710 non
453 1662 557 1708 rectum
578 1652 682 1710 vultum
703 1652 828 1710 habeant.
931 1657 969 1712 66
994 1672 1099 1726 ungnes
1120 1662 1235 1709 tractum
1260 1662 1302 1709 εει

218 1739 445 1805 amarmorariis,
468 1737 514 1812 qui
537 1739 663 1811 quotiens
685 1738 781 1795 volunt
803 1738 871 1796 bene
894 1749 1044 1813 coaptatam
1059 1739 1210 1796 iuncturam
1225 1754 1301 1793 mar-

218 1823 302 1879 moris
324 1822 488 1898 approbare,
516 1841 607 1897 ungue
635 1824 819 1897 experiuntur.
929 1827 968 1883 66
990 1823 1124 1881 rubricam
1146 1832 1261 1879 tractum
1286 1840 1302 1878 a

218 1906 310 1973 labris,
335 1909 380 1983 qui
403 1907 529 1983 quotiens
551 1907 647 1965 volunt
668 1908 854 1965 rectitudinem
876 1911 963 1967 lineae
978 1909 1164 1984 comprobare,
1188 1909 1300 1964 retortis

218 1993 247 2049 in
269 2011 350 2050 unam
371 2003 475 2068 partem
498 1992 629 2050 ambobus
652 1993 737 2051 oculis
758 1994 854 2050 lineam
876 1997 972 2052 laetam
995 1995 1157 2069 inspiciunt,
1188 1991 1223 2049 ob
1246 1993 1301 2050 hoe

218 2077 329 2143 sedicet,
352 2096 387 2135 ne
408 2096 457 2153 per
480 2078 622 2135 oculorum
646 2079 802 2136 divisionem
824 2080 913 2138 iudicii
934 2081 1031 2137 veritas
1054 2079 1246 2137 confundatur.

220 2165 258 2221 67
282 2163 438 2229 iuniores,
468 2180 529 2219 nam
558 2163 710 2220 comoediae
738 2182 827 2221 mores
849 2164 988 2223 bominum
1010 2167 1164 2240 exprimunt
1186 2180 1300 2221 conver-

219 2248 416 2322 sationemque.
459 2248 486 2303 in
509 2247 611 2312 luxum,
634 2248 662 2304 id
684 2258 725 2306 est
746 2250 852 2306 satiram
875 2252 952 2326 quae
965 2251 1142 2308 invectionem
1158 2249 1300 2305 hominum

218 2335 348 2390 continet.
391 2334 419 2388 in
440 2334 551 2407 prandia
573 2350 684 2407 regum,
707 2335 733 2390 id
755 2344 796 2392 est
817 2337 967 2411 tragoedias
990 2354 1058 2410 quae
1080 2353 1208 2392 cenarum
1230 2334 1300 2390 laci-

217 2435 379 2476 norosarum
402 2419 543 2475 continent
565 2419 781 2494 descriptionem,
805 2421 875 2479 sicut
897 2423 1035 2496 Thyestes.
1146 2422 1184 2479 72
1207 2419 1301 2476 Palilia

218 2505 282 2561 dicit
307 2504 376 2561 diem
404 2521 509 2561 sacrum
536 2505 565 2561 in
592 2505 723 2562 honorem
747 2505 815 2562 Palis
844 2508 909 2564 deae
937 2507 1096 2581 pastoriciae
1119 2505 1300 2580 cognomina-

217 2599 284 2656 tum,
308 2608 363 2665 quo
386 2591 428 2648 die
449 2589 544 2665 positis
566 2590 594 2647 in
616 2591 678 2647 loco
701 2592 843 2666 manipulis
864 2592 934 2650 faeni
948 2592 1091 2650 ludibundi
1107 2591 1200 2648 rustici
1215 2590 1299 2646 salie-

218 2674 297 2740 bant,
331 2679 377 2749 qui
406 2677 512 2751 expiare
540 2693 569 2732 εε
590 2676 642 2733 hoe
665 2677 794 2734 sacrificio
824 2678 983 2735 credebant:
1013 2679 1073 2734 ideo
1097 2678 1202 2734 fumosa
1225 2676 1298 2732 dixit.

301 2760 388 2816 aliter.
410 2762 433 2816 si
447 2761 536 2817 Palilia
553 2761 625 2824 dicit,
650 2762 719 2818 diem
735 2763 797 2819 dicit
811 2781 916 2820 sacrum
931 2764 959 2818 in
981 2763 1113 2818 honorem
1135 2764 1205 2827 lliae,
1229 2779 1300 2835 quae

216 2845 322 2917 peperit
335 2845 447 2900 Remum
469 2855 497 2901 et
510 2845 662 2908 llomulum,
687 2864 803 2919 quorum
818 2849 981 2904 mentionem
997 2847 1186 2904 sacrificiorum
1204 2847 1298 2903 Cicero

215 2927 244 2982 in
272 2927 425 3001 Philippicis
454 2927 522 3001 [14.
551 2929 599 3002 14]
627 2940 828 2986 commemorat.
885 2932 974 2987 Palilia
1003 2947 1072 3004 quae
1100 2947 1174 2986 nunc
1202 2930 1297 2988 Parilia

216 3013 324 3067 mutatis
347 3012 441 3067 litteris
465 3014 584 3068 dicimus.
628 3013 670 3069 vel
692 3015 765 3087 quod
792 3015 847 3071 dies
870 3034 924 3090 quo
948 3016 1056 3072 condita
1084 3025 1124 3071 est
1146 3015 1229 3070 Roma
1252 3032 1297 3072 ac-

216 3097 304 3153 censis
332 3096 488 3171 manipulis,
519 3114 631 3154 accenso
662 3098 740 3155 faeno
770 3099 885 3155 colatur.
936 3110 981 3157 aut
1008 3098 1098 3155 Palilia
1127 3099 1182 3155 dies
1210 3098 1296 3158 festus

217 3182 287 3239 Palis
310 3183 374 3238 deae
396 3198 523 3254 agrorum
552 3201 600 3239 seu
629 3195 768 3257 pastorum
796 3184 903 3240 habitus
925 3202 940 3240 a
961 3184 1107 3241 veteribus.
1154 3185 1234 3241 Varro
1257 3188 1297 3244 sic

216 3267 267 3324 ait:
289 3258 394 3324 ‘Palilia
415 3277 469 3323 tam
490 3268 593 3341 privata
615 3286 694 3342 quam
715 3269 822 3343 publica
845 3279 918 3334 sunt,
943 3279 970 3326 ει
992 3280 1033 3325 εει
1057 3288 1142 3343 genus
1156 3271 1296 3328 hilaritatis

217 3362 245 3408 ει
272 3352 347 3409 lusus
376 3351 448 3426 apud
476 3353 608 3417 rusticos,
642 3363 674 3410 ut
703 3354 837 3427 congestis
870 3372 929 3410 cum
963 3353 1041 3412 faeno
1070 3356 1175 3431 stipulis
1204 3357 1294 3430 ignem

215 3454 341 3511 magnum
364 3437 530 3500 transiliant,
561 3437 634 3511 quod
662 3439 716 3495 Pali
745 3439 847 3495 faciunt
869 3456 926 3496 eam
948 3457 977 3496 se
1000 3441 1104 3514 expiare
1126 3430 1292 3500 credentes’.

303 3527 342 3581 74
366 3522 490 3590 Quintius
513 3522 683 3581 Cincinnatus
706 3541 767 3581 cum
796 3541 875 3579 suum
904 3542 997 3599 agrum
1025 3537 1112 3584 araret
1135 3537 1162 3584 et
1183 3538 1293 3593 sereret,

216 3605 347 3663 dictatura
370 3609 394 3663 ei
415 3625 430 3664 a
452 3607 555 3682 populo
570 3609 690 3665 Romano
714 3608 800 3665 delata
823 3619 873 3666 est.
911 3611 956 3684 qui
971 3622 1065 3668 contra
1081 3612 1212 3669 Samnites
1227 3629 1292 3686 pro-

218 3689 306 3747 iectus
329 3694 415 3748 victor
437 3692 532 3750 extitit.
577 3694 624 3767 qui
645 3710 660 3750 a
681 3694 795 3751 serendo
819 3695 971 3752 nominatus
994 3709 1036 3754 est
1059 3697 1199 3754 Serranus.

302 3875 334 3926 69
352 3872 482 3938 heroos&
567 3874 688 3927 docemus
711 3877 735 3926 P
758 3876 800 3927 uel
825 3875 943 3930 uidemus
964 3896 983 3945 p
1073 3882 1105 3931 73
1131 3879 1296 3931 dentialiaP

215 3939 366 4062 gicetttppplampn
383 4026 401 4076 p
426 3945 460 3994 74
478 3943 539 3994 (lum
557 3945 590 3994 P:
609 3942 689 4004 Quem
709 3952 758 4010 (tp
829 3945 981 3999 dictatorem
1000 3955 1024 3998 α
1043 3952 1070 3998 ει
1088 3952 1119 3998 act
1136 3949 1247 3999 uidetur
1258 3949 1291 3999 P:
