2656 4440
508 247 603 300 LIBER
621 249 631 301 l
667 248 799 303 sArvttA
818 251 828 302 Ι

136 419 320 498 instituitque
343 419 431 481 rudes
453 420 559 481 melior
580 419 709 481 Lucusta
732 421 917 501 propinquas

135 522 187 584 per
208 506 317 565 lamam
339 515 369 565 et
390 505 535 584 populum
559 505 660 584 nigros
683 506 788 566 efferre
811 507 940 569 maritos.

135 590 208 650 aude
230 590 340 669 aliquid
363 589 502 652 brevibus
525 590 628 670 Gyaris
650 600 680 651 et
703 609 822 652 carcere
844 592 979 671 dignum,

134 676 157 736 si
178 676 222 736 vis
245 694 309 736 esse
331 674 452 753 aliquid.
496 675 628 755 probitas
648 676 786 736 laudatur
807 685 837 736 et
858 678 944 756 alget,

135 760 308 822 criminibus
330 760 440 821 debent
461 761 565 822 hortos
585 761 733 840 praetoria
756 779 874 823 mensas

134 853 290 924 argentum
313 853 396 907 vetus
419 854 449 906 et
470 854 598 906 stantem
621 852 701 906 extra
725 847 831 925 poeula
854 865 986 927 caprum.

134 949 222 1010 quem
245 931 357 1011 patitur
379 930 510 992 dormire
533 948 627 991 nurus
650 942 810 1010 corruptor
832 951 942 1007 avarae,

133 1034 221 1095 quem
244 1035 371 1095 sponsae
394 1023 498 1094 turpes
520 1025 550 1076 et
571 1025 772 1095 praetextatus
794 1017 931 1080 adulter?

133 1101 157 1162 si
179 1110 285 1162 natura
307 1110 407 1179 negat,
430 1100 499 1161 lacit
520 1100 685 1180 indignatio
708 1120 825 1163 versum

132 1185 379 1265 qualemcumque
402 1192 508 1265 potest,
532 1186 633 1264 quales
656 1205 710 1265 ego
732 1187 778 1247 vel
800 1187 967 1253 Cluuienus.

173 1291 209 1333 ex
232 1289 291 1350 quo
313 1270 475 1332 Deucalion
499 1270 607 1332 nimbis
628 1271 800 1333 tollentibus
822 1291 934 1352 aequor

132 1356 247 1434 navigio
269 1365 402 1417 montem
426 1356 559 1417 ascendit
580 1364 736 1434 sortesque
757 1359 894 1436 poposcit

131 1441 330 1520 paulatimque
353 1441 449 1502 anima
472 1442 630 1502 caluerunt
651 1442 750 1502 mollia
772 1461 840 1503 saxa

130 1534 159 1586 et
180 1525 312 1587 maribus
333 1527 428 1587 nudas
450 1525 580 1588 ostendit
602 1526 713 1605 Pyrrha
736 1527 859 1606 puellas,

131 1611 273 1689 quidquid
296 1620 389 1690 agunt
409 1611 555 1687 homines,
578 1619 678 1671 votum
701 1611 789 1673 timor
812 1613 855 1673 ira
878 1614 1014 1694 voluptas

130 1697 234 1774 gaudia
257 1696 418 1769 discursus,
442 1697 536 1758 nostri
558 1698 674 1775 farrago
698 1697 788 1757 libelli
810 1706 863 1759 est.

129 1790 159 1842 et
180 1782 299 1860 quando
323 1782 443 1843 uberior
464 1783 602 1843 vitiorum
626 1780 732 1861 eopia?
755 1783 873 1861 qnando

130 1867 225 1927 maior
246 1867 381 1928 avaritiae
404 1868 498 1946 patuit
519 1865 625 1928 sinus‘l
648 1867 710 1927 alea
732 1870 851 1946 quando

129 1951 184 2014 hos
205 1950 344 2013 animos‘l
367 1970 465 2031 neque
488 1953 569 2012 enim
590 1951 696 2013 locuhs
719 1953 928 2014 comitantibus
951 1953 1011 2015 itur

129 2037 164 2097 ad
187 2055 288 2099 casum
310 2037 435 2111 tabulae,
459 2038 554 2116 posita
577 2035 628 2098 sed
650 2037 763 2098 luditur
784 2057 859 2099 arca.

128 2122 241 2202 proelia
265 2131 376 2202 quanta
398 2122 458 2183 illie
480 2122 684 2202 dispensatore
706 2122 817 2185 videbis

130 2207 287 2287 armigero.
331 2206 495 2287 simplexne
517 2209 603 2268 luror
625 2208 758 2269 sestertia
781 2216 901 2270 centum

128 2294 253 2371 perdere
276 2301 306 2354 et
327 2293 461 2353 horrenti
483 2292 615 2353 tunicam
640 2311 703 2353 non
726 2293 850 2355 reddere
872 2292 981 2355 servo?

129 2378 195 2455 quis
217 2377 341 2439 totidem
365 2377 459 2437 erexit
480 2378 571 2452 villas,
595 2377 661 2456 quis
683 2379 794 2439 fercula
817 2387 930 2457 septem

213 2553 250 2608 'll
276 2550 394 2607 lucusta
416 2550 545 2624 quaedam
568 2550 619 2607 luit
641 2550 668 2605 in
691 2549 781 2606 Galliis
810 2559 932 2606 matrona
962 2549 1092 2614 venefica,
1122 2567 1202 2624 quam

127 2635 196 2692 Nero
218 2634 338 2692 exhibuit
359 2634 391 2690 ad
413 2652 442 2692 se
464 2643 578 2710 propter
599 2652 701 2692 venena
723 2634 904 2699 conficienda,
936 2634 1063 2709 quoniam
1091 2652 1202 2709 magnae

126 2719 210 2777 lamae
231 2728 298 2777 erat.
326 2736 405 2794 quam
434 2721 513 2777 etiam
534 2721 561 2776 in
583 2719 759 2778 familiaritate
781 2738 830 2777 sua
850 2719 956 2785 habuit,
986 2729 1018 2777 ut
1039 2720 1118 2776 etium
1140 2715 1201 2776 eum

127 2804 236 2862 doceret
262 2822 363 2862 venena
385 2806 506 2863 miscere.
534 2805 596 2863 inde
624 2806 661 2862 ait
682 2807 789 2863 'lurnus
816 2806 844 2861 in
872 2814 963 2862 satura
988 2795 1034 2862 ‘en
1056 2823 1109 2880 quo
1134 2805 1202 2862 Cae-

126 2907 214 2946 sareas
236 2889 344 2948 suboles
359 2891 476 2948 Lucusta
499 2892 593 2948 cecidit
615 2891 722 2948 horrida
745 2909 810 2949 eura
830 2891 872 2948 sui
887 2909 968 2948 verna
987 2901 1051 2948 nota
1065 2883 1201 2951 Neronis’.

125 2975 189 3032 haec
209 2975 367 3051 increpitata
388 2993 404 3032 a
424 2976 540 3042 Nerone,
564 2977 638 3050 quod
660 2977 763 3034 lentum
786 2994 918 3035 venenum
932 2977 1083 3034 Britannico
1106 2994 1200 3051 paras-

125 3070 174 3126 set,
199 3069 252 3118 tam
274 3060 367 3118 elfieax
390 3060 471 3128 dedit,
495 3070 527 3118 ut
548 3072 690 3136 antequam
712 3063 840 3137 poculum
855 3063 1023 3119 Britannicus
1039 3063 1199 3129 exhauriret,

124 3147 151 3202 in
174 3145 296 3203 convivio
312 3147 425 3204 Neronis
448 3147 589 3221 expiraret.
676 3149 842 3222 propinquas
865 3148 928 3204 dicit
951 3158 1084 3221 tamquam
1106 3165 1120 3203 a
1142 3149 1200 3204 Ln-

125 3241 199 3288 custa
221 3232 324 3288 doctas.
354 3232 461 3306 quidam
483 3250 581 3289 uxores
604 3233 708 3289 dicunt.
840 3234 879 3289 73
903 3232 991 3288 insula
1011 3231 1060 3288 ubi
1083 3231 1199 3290 damnati

123 3315 306 3374 mittebantur.
396 3321 434 3375 76
451 3318 514 3375 dicit
527 3318 715 3376 emblematum
731 3335 810 3392 opus.
900 3319 938 3375 80
957 3316 1099 3373 Cluvienus
1122 3316 1197 3375 dele-

123 3419 170 3458 rus
191 3412 272 3477 poeta
296 3401 337 3459 vel
358 3403 492 3460 indoctus.
580 3405 619 3462 82
637 3420 651 3459 a
667 3403 800 3469 Themide,
824 3419 893 3476 quae
907 3409 969 3458 ante
984 3402 1136 3476 Apollinem
1152 3420 1199 3459 re-

72 3562 74 3568 ,
124 3504 223 3561 sponsa
238 3487 327 3544 dabat.
415 3490 453 3548 83
468 3488 559 3545 mollia
580 3504 650 3545 sara.
674 3497 705 3545 ut
719 3488 845 3561 Virgilius
866 3487 904 3562 [q.
924 3491 949 3551 l,
968 3485 1019 3560 63]
1038 3476 1123 3543 ‘unde
1143 3487 1198 3544 ho-

122 3573 207 3630 mines
236 3573 308 3639 nati,
339 3573 436 3630 durum
464 3563 570 3648 genus'.
602 3584 628 3631 et
657 3573 700 3630 hic
728 3591 776 3649 per
805 3590 967 3631 eonsensum
996 3572 1114 3630 ostendit
1141 3590 1199 3632 esse

122 3656 302 3714 durissimum.
396 3660 433 3718 89
457 3659 574 3733 enlipsis,
599 3659 758 3716 subauditur
780 3658 880 3717 habuit.
980 3660 1019 3717 92
1042 3659 1199 3733 metaphora

123 3758 138 3799 a
160 3742 332 3800 bellantibus.
354 3742 381 3800 id
404 3753 445 3801 est
467 3746 514 3818 qui
536 3760 607 3801 arma
631 3744 743 3818 praebet
766 3755 878 3802 tesseras
901 3755 928 3802 et
949 3743 1076 3802 tabulam.
1099 3747 1198 3818 etipse

122 3837 164 3886 est
178 3830 225 3904 qni
238 3845 362 3885 nummos
379 3829 414 3885 ob
429 3830 544 3904 pignora
557 3838 658 3904 portat.
746 3832 785 3888 93
802 3832 930 3888 horrenti.
954 3831 1088 3893 trementi,
1112 3832 1196 3887 nudo.

209 4012 319 4079 Sitque]
339 4028 388 4079 qu
407 4015 431 4063 P
498 4015 529 4066 85
547 4011 622 4065 timor
641 4027 693 4064 om.
711 4011 810 4071 Pudet.
826 4027 846 4078 p
919 4015 950 4065 89
968 4012 1144 4080 ioculistr.

958 4099 991 4148 5*
