2656 4440
472 242 566 294 luens
583 242 594 294 Ι
628 243 761 297 sartan
781 245 802 295 V

99 415 228 496 quamvis
250 416 346 477 iurato
369 424 498 476 metuam
521 415 576 475 tibi
599 416 721 476 credere
739 417 821 486 testi.

98 512 199 562 ventre
224 501 297 562 nihil
320 500 389 561 novi
412 500 564 579 frugalius.
609 501 666 560 hoc
689 511 788 562 tamen
812 503 910 581 ipsum

97 586 240 648 defecisse
261 597 342 665 puta,
366 586 444 663 quod
467 585 549 647 inani
572 585 681 646 sufficit
703 587 782 647 alvo:

98 671 177 732 nulla
199 671 320 751 crepido
342 668 446 731 vacat?
469 689 616 749 nusquam
638 690 716 751 pons
740 679 769 732 ct
790 673 896 751 tegetis
918 692 988 752 pars

98 756 213 817 dimidia
236 752 376 818 brevior?
398 757 513 817 tantine
536 756 644 816 iniuria
667 774 768 830 cenae,

97 852 154 902 tam
177 841 277 902 ieiuna
299 842 400 915 fames,
424 860 493 902 cum
515 841 609 920 possit
630 842 784 904 honestius
806 842 866 904 illic

98 935 128 988 ct
149 936 277 988 tremere
299 935 330 986 et
351 927 453 988 sordes
476 927 561 987 farris
583 927 721 988 mordere
744 925 867 989 caninii

138 1012 235 1091 primo
258 1013 315 1090 lige
338 1011 414 1085 loco,
437 1011 517 1090 quod
540 1021 573 1072 tu
596 1012 781 1074 discumbere
804 1014 901 1075 iussus

97 1098 261 1158 mercedem
283 1096 407 1158 solidam
430 1105 562 1157 veterum
585 1098 666 1177 capis
688 1098 865 1163 officiorum.

96 1183 211 1243 fructus
233 1182 377 1243 amicitiae
399 1200 522 1261 magnae
545 1182 639 1256 cibus,
661 1183 779 1261 inputat
800 1184 882 1245 bunc
903 1203 964 1259 rex,

97 1275 126 1326 et
148 1267 281 1345 quamvis
302 1285 403 1328 rarum
425 1279 524 1328 tamen
547 1267 673 1346 inputat.
719 1286 790 1348 ergo
813 1270 887 1330 dnos
909 1277 978 1350 post
1142 1279 1169 1328 15

96 1351 120 1412 si
143 1352 229 1413 libuit
249 1370 368 1414 menses
391 1353 559 1433 neglectum
581 1353 720 1414 adbibere
744 1354 892 1430 clientem,

95 1438 181 1498 tertia
204 1456 243 1498 ne
266 1456 357 1498 vacuo
380 1447 508 1499 cessaret
530 1438 636 1499 culcita
658 1439 744 1513 lecto,

93 1515 166 1582 ‘una
188 1516 295 1584 simus'
321 1523 370 1584 ait.
414 1532 550 1583 votorum
572 1542 697 1584 summa.
742 1523 813 1603 quid
835 1524 913 1585 ultra

98 1606 236 1685 quaeris?
258 1608 347 1669 habet
369 1607 495 1670 Trebius
517 1618 640 1687 propter
662 1610 742 1687 quod
764 1627 904 1690 rumpere
926 1628 1064 1671 somnum

95 1693 199 1753 debeat
222 1702 251 1753 et
272 1693 376 1773 ligulas
397 1693 555 1767 dimittere,
578 1694 721 1756 sollicitus
744 1714 782 1755 ne
1140 1705 1169 1755 tu

95 1786 155 1838 tota
176 1778 329 1840 salutatrix
351 1778 409 1839 iam
433 1777 520 1840 turba
543 1781 691 1858 peregerit
714 1779 827 1853 orbem,

95 1862 239 1925 sideribus
260 1862 358 1925 dubiis
379 1873 431 1924 aut
452 1864 502 1924 illo
525 1874 660 1944 tempore
684 1882 743 1943 quo
766 1884 798 1926 se

95 1947 199 2025 lrigida
222 1948 430 2027 circumagunt
450 1949 528 2028 pigri
550 1968 665 2010 serraca
694 1949 809 2011 bootae.

136 2033 231 2111 qualis
253 2051 327 2094 cena
349 2043 458 2094 tamen.
503 2034 605 2095 vinum
629 2033 710 2113 quod
732 2033 832 2095 sucida
856 2034 931 2095 nolit

95 2117 160 2178 lana
181 2118 257 2198 pati:
280 2120 316 2180 de
339 2119 459 2179 conviva
483 2118 651 2198 Corybanta
673 2119 794 2181 videbis.

93 2203 185 2282 iurgia
207 2203 381 2284 proludunt,
403 2205 455 2265 sed
477 2222 547 2264 mox
569 2214 599 2264 et
620 2203 727 2285 pocula
748 2214 871 2284 torques

93 2289 209 2350 saucius
231 2299 260 2349 ct
283 2288 373 2349 rubra
396 2288 531 2368 deterges
553 2289 675 2350 vulnera
699 2307 817 2369 mappa,

91 2475 199 2551 parasiti
227 2477 344 2534 Caesaris
373 2477 494 2535 luerunt.
603 2481 619 2534 7
649 2487 715 2551 puta
737 2486 764 2533 et
785 2477 837 2532 hoc
859 2477 933 2550 quod
955 2476 1004 2532 tibi
1024 2486 1168 2551 paupertas

93 2560 172 2619 dabat
206 2561 319 2620 deficere
345 2563 483 2637 potuisse,
520 2579 576 2619 non
604 2563 694 2637 potius
723 2562 874 2618 mendicare
902 2578 983 2634 quam
1010 2561 1063 2617 boc
1089 2558 1167 2636 pati‘l

177 2649 195 2705 8
218 2656 315 2704 mattae
337 2665 399 2723 pars
421 2649 448 2703 in
471 2660 598 2722 tegumen
621 2648 729 2721 corpori
749 2646 844 2703 iactae.
947 2650 981 2704 ll
1005 2646 1082 2720 panis
1104 2663 1168 2702 sor-

91 2731 168 2789 didus
191 2749 287 2788 canum
309 2742 358 2790 est.
449 2735 485 2791 12
509 2733 536 2788 in
558 2732 643 2807 prima
664 2749 738 2806 pone
759 2731 863 2795 iniuria,
887 2731 950 2804 quia
971 2731 994 2787 si
1015 2731 1123 2788 iusserit
1137 2741 1168 2788 ut

90 2817 239 2892 recumbas,
263 2827 340 2892 putat
361 2835 390 2874 se
412 2819 439 2874 in
461 2819 514 2874 hoc
536 2827 622 2874 totum
644 2817 763 2882 solvisse,
788 2816 917 2889 quicquid
938 2833 1066 2891 umquam
1089 2814 1167 2874 obse·

91 2903 159 2975 quiis
180 2903 310 2959 meruisti.
411 2907 446 2960 17
472 2903 548 2960 tertia
571 2920 621 2960 nec
643 2919 736 2959 vacuo.
761 2902 833 2975 apud
855 2912 959 2958 veteres
982 2901 1168 2960 accubitorum

89 3004 155 3044 usus
177 3004 233 3044 non
256 2996 322 3051 erat,
345 2989 392 3044 sed
415 2989 442 3043 in
464 2988 569 3045 lectulis
592 2988 790 3046 discumbentes
811 2987 1018 3045 manducabant.
1043 2999 1097 3045 tres
1119 3005 1167 3045 au·

90 3080 142 3129 tem
169 3071 262 3129 lectuli
289 3082 365 3129 erant
386 3073 413 3127 in
436 3072 534 3146 quibus
557 3072 773 3137 discumbebant,
805 3073 876 3129 unde
897 3073 1032 3146 hodieque
1054 3072 1168 3130 triclinia

91 3156 268 3232 appellantur.
359 3161 395 3216 19
413 3174 512 3215 nomen
527 3159 646 3233 parasiti.
733 3159 772 3215 20
789 3156 903 3229 calciari,
919 3174 981 3214 cum
995 3157 1167 3215 festinatione

89 3251 116 3298 et
137 3259 215 3299 ansas
237 3242 382 3316 caligarum
402 3252 572 3317 praetereant
594 3243 748 3300 nonnullas.
772 3241 856 3299 dictae
877 3251 966 3299 autem
988 3242 1086 3316 ligulae
1101 3259 1115 3299 a
1130 3242 1167 3299 li·

88 3328 186 3401 gando.
274 3329 312 3387 23
337 3345 415 3386 ursae
437 3330 505 3385 duae
527 3345 595 3402 quae
610 3327 741 3384 vocantur
757 3326 847 3384 Helice
862 3336 889 3383 et
903 3328 1051 3402 Cynosura.
1067 3330 1166 3384 Bootes

88 3422 177 3470 autem
205 3413 252 3486 qui
273 3421 301 3469 et
322 3417 465 3471 Arcturus.
488 3430 605 3489 quorum
627 3413 744 3469 siderum
765 3413 889 3468 Lucanus
911 3428 1021 3487 quoque
1043 3413 1083 3469 sic
1105 3429 1165 3469 me-

87 3497 163 3553 minit
185 3497 231 3571 [2,
255 3496 328 3573 236]
359 3488 422 3556 ‘sub
452 3508 532 3556 nocte
559 3516 658 3574 sopora
682 3497 817 3555 Parrhasis
845 3496 971 3570 obliquos
993 3497 1082 3555 Helice
1105 3514 1166 3555 cum

90 3591 205 3640 verteret
233 3571 315 3640 ares’.
425 3584 463 3643 24
491 3584 543 3641 hoc
569 3594 609 3641 est
631 3593 740 3659 gustum
763 3582 815 3639 vini
836 3582 907 3639 mali.
930 3583 969 3639 sic
991 3599 1052 3639 nam
1076 3583 1166 3639 vinum

87 3667 187 3724 malum
208 3677 325 3725 mentem
348 3669 445 3734 turbat,
470 3671 608 3743 quomodo
631 3669 691 3726 lana
712 3669 794 3726 tincta
808 3677 938 3726 mutatur.
1026 3670 1064 3726 27
1082 3669 1167 3726 idest

87 3762 224 3810 cruentata
245 3771 341 3828 mappa
363 3754 488 3828 detergis.

173 3933 327 3987 9llemedia
345 3935 415 4001 Ppr.
509 3937 540 3988 10
559 3935 679 4000 possisp
769 3935 799 3986 13
818 3934 955 3999 soli-tamp
1046 3937 1075 3986 tt
1095 3932 1169 3984 ncP

89 4016 170 4068 necp
242 4003 273 4056 21
292 4003 432 4070 porregerit
450 4004 518 4069 Ppr.
588 4005 622 4056 24
640 4001 709 4070 quod
725 4018 758 4067 p:
778 4004 870 4069 quoP
937 4004 968 4054 tt
987 4002 1165 4070 mampaPpr.
