2656 4440
545 207 729 267 PRAEFATIO
1146 212 1179 266 rx

103 395 185 448 recte
207 387 350 467 scriptum
366 395 445 448 extat
467 387 546 466 quod
561 387 591 448 in
616 385 664 447 PS
684 405 753 449 casu
769 387 959 466 depravatum
982 395 1035 448 est.
1079 387 1180 467 itaque
1257 371 1260 376 ’

103 490 133 549 in
157 498 219 550 arte
242 490 342 552 critica
365 490 528 552 exercenda
551 490 726 564 etiamtum,
750 508 817 551 cum
841 499 899 551 tam
921 498 1022 570 aperta
1044 491 1179 570 interpo-

102 591 171 652 latio
193 601 324 670 grassata
346 602 391 654 est
414 603 442 654 et
464 592 599 654 codicum
622 592 737 654 indoles
760 602 848 671 atque
871 592 1008 672 cognatio
1032 601 1091 654 tam
1114 610 1179 654 cer·

103 697 141 758 tis
163 697 344 776 argumentis
372 695 553 777 deprehendi
584 703 698 774 potest,
728 713 816 774 quam
845 696 876 756 in
905 694 1051 757 luvenalis
1072 695 1181 757 saturis

104 800 199 878 palam
216 808 269 875 est,
292 816 390 878 neque
405 810 490 860 casus¹
505 798 709 878 neglegendus
724 808 769 859 est
784 816 883 877 neque
906 799 981 860 ratio
997 798 1179 877 seponenda.

105 904 240 983 equidem
269 902 475 963 recensionem
505 902 575 962 olim
604 919 689 962 ame
718 901 881 963 institutam
911 901 1066 980 diligenter
1094 918 1180 963 reco-

104 1006 192 1086 gnovi
207 1014 237 1067 et
251 1003 431 1084 ubicumque
447 1004 511 1065 fieri
526 1004 624 1084 potuit
639 1004 801 1065 emendavi.
839 1004 963 1065 multum
979 1003 1091 1077 abesse,
1108 1005 1180 1083 quin
1249 1044 1253 1053 -

104 1109 214 1188 ubique
235 1127 303 1168 vcra
326 1119 432 1187 poetae
453 1125 559 1167 manus
581 1106 714 1168 restituta
736 1107 784 1179 sit,
813 1114 843 1167 et
865 1106 1034 1183 gravissima
1056 1106 1178 1167 vulnera

103 1220 181 1272 tecta
204 1228 302 1289 neque
324 1218 426 1270 sanata
441 1209 538 1269 iacere
560 1209 642 1269 nullo
665 1209 753 1270 modo
770 1209 948 1285 negaverim.
982 1209 1011 1269 iu
1028 1208 1107 1268 varia
1122 1210 1180 1269 lec-

103 1315 186 1374 tione
201 1311 390 1374 subnotanda
413 1311 451 1371 ita
471 1319 604 1372 versatus
627 1329 703 1382 sum,
726 1318 759 1370 ut
774 1319 899 1385 constet,
922 1310 992 1390 quid
1015 1319 1119 1372 contra
1136 1309 1184 1371 PS

72 1421 76 1430 ‘
104 1424 134 1475 et
156 1433 214 1493 qua
238 1414 412 1474 auctoritate
428 1420 572 1474 mutatum
596 1412 642 1474 sit.
687 1414 793 1473 horum
810 1412 899 1492 igitur
920 1415 1014 1473 varias
1029 1412 1181 1484 lectiones,

104 1517 128 1577 si
151 1516 187 1576 ab
212 1515 447 1594 orthographicis
470 1513 645 1594 quibusdam
675 1524 705 1575 et
727 1513 895 1595 vulgaribus
917 1514 1103 1576 librariorum
1135 1532 1182 1574 er-

105 1618 223 1679 roribus
238 1618 418 1691 discesseris,
437 1618 506 1680 satis
522 1626 659 1679 accurate
674 1618 782 1683 rettuli.
814 1617 881 1679 talia
897 1618 977 1678 enim
992 1636 1046 1679 suo
1062 1617 1181 1696 quidem

104 1721 171 1781 loco
194 1738 281 1798 quam
310 1720 529 1782 accuratissime
558 1719 733 1793 exhibenda,
762 1738 823 1798 quo
851 1722 888 1780 de
919 1720 1022 1780 tradita
1052 1720 1180 1780 lectione

105 1833 186 1886 certo
218 1831 335 1884 constet
365 1831 395 1883 et
421 1823 456 1882 ad
488 1840 706 1902 quamcumque
735 1822 937 1914 quaestionem
972 1822 1182 1883 instituendam

105 1926 227 1987 materia
242 1933 343 2006 parata
359 1925 406 1999 sit,
429 1925 481 1987 sed
497 1943 557 1985 non
575 1942 692 2003 semper
707 1925 868 2004 repetenda
885 1943 949 1986 esse
965 1925 1051 1985 duco.
1089 1925 1182 1984 iuter·

105 2029 222 2108 polatae
244 2028 429 2090 recensionis
450 2027 597 2107 integram
620 2027 748 2108 speciem
772 2036 996 2108 repraesentare
1013 2027 1104 2100 nolui,
1128 2044 1182 2088 suo

105 2131 170 2192 loco
194 2131 355 2209 specimina
378 2130 520 2209 quaedam
543 2131 716 2210 apposuisse
738 2139 908 2191 contentus.

190 2233 279 2312 longe
301 2233 445 2294 incertior
472 2250 562 2311 quam
591 2233 627 2293 de
658 2233 755 2294 verbis
777 2233 968 2294 restituendis
990 2233 1123 2312 quaestio
1146 2233 1182 2292 de

106 2334 238 2396 versibus
254 2336 364 2414 spuriis
377 2335 481 2396 oritur.
516 2344 544 2395 et
560 2334 655 2395 illatos
666 2352 730 2396 esse
746 2335 776 2396 in
792 2335 937 2397 luvenalis
951 2344 1065 2396 saturas
1080 2353 1183 2396 versus

108 2436 144 2494 ab
168 2436 232 2514 ipso
257 2456 316 2496 non
341 2437 468 2516 scriptos
500 2455 604 2497 omnes
632 2437 688 2496 iam
719 2439 921 2511 consentiunt,
949 2456 1051 2498 verum
1074 2437 1126 2498 ubi
1148 2438 1183 2498 ad

108 2537 242 2616 singulos
264 2557 365 2599 versus
394 2538 591 2599 aestimandos
620 2548 739 2598 rentum
769 2548 822 2612 est,
849 2540 1029 2601 dissentiunt
1051 2541 1183 2620 plerum·

110 2658 177 2718 que.
222 2657 293 2701 sanc
316 2656 426 2718 anceps
455 2639 491 2700 de
518 2639 625 2700 talibus
648 2639 788 2700 iudicium
812 2649 866 2713 est,
896 2643 1069 2721 praesertim
1093 2645 1122 2704 in
1148 2662 1183 2704 eo

108 2749 204 2821 poeta,
227 2742 278 2820 qui
301 2750 414 2802 certum
437 2741 571 2802 ordinem
595 2751 625 2803 et
647 2750 811 2803 accuratam
840 2744 1017 2823 disponendi
1039 2747 1183 2807 rationem

109 2845 273 2905 contemnit
295 2852 325 2905 et
346 2862 390 2917 ea,
413 2862 488 2923 quac
517 2845 637 2924 propria
660 2862 800 2906 romanae
826 2854 942 2908 saturae
965 2856 1019 2920 est,
1049 2849 1184 2909 libertate

108 2965 277 3008 sermonem
299 2947 473 3008 familiarem
501 2958 582 3027 grata
613 2948 800 3030 neglegentia
830 2950 973 3011 fundendi
1002 2950 1047 3011 vel
1070 2953 1184 3030 ingrata

109 3050 294 3130 neglegentia
316 3050 464 3124 abutitur;
489 3060 550 3111 tum
574 3069 609 3112 ex
633 3051 780 3112 rhetorica
802 3051 957 3132 disciplina
981 3053 1101 3130 loquax,
1130 3056 1181 3116 ubi

109 3161 310 3231 opportunum
333 3153 433 3213 locum
449 3162 555 3214 nactus
575 3172 640 3215 esse
655 3154 711 3215 sibi
727 3153 850 3228 videtur,
873 3155 962 3215 finem
978 3157 1184 3218 accumulandi

109 3272 169 3314 noo
188 3254 316 3331 invenit;
340 3254 468 3333 denique
483 3256 535 3333 qui
550 3255 713 3317 sententias
735 3264 843 3335 captat.
881 3275 943 3316 non
961 3258 1068 3317 mirum
1084 3259 1184 3336 igitur,

108 3355 133 3416 si
155 3356 191 3416 do
214 3356 389 3435 quibusdam
406 3357 478 3417 locis
500 3358 745 3435 quotiescumque
760 3358 928 3419 accedimus
950 3359 1093 3419 diversam
1116 3379 1183 3420 sen-

109 3458 229 3518 tentiam
254 3459 386 3520 ierimus.
430 3477 544 3537 quare
573 3461 758 3533 factumest,
786 3471 820 3521 ut
847 3463 904 3521 iam
935 3462 1023 3540 paulo
1054 3462 1184 3523 severius

110 3578 196 3636 quam
213 3570 300 3622 antea
314 3579 416 3622 versus
431 3562 576 3623 insiticios
591 3562 877 3628 circumscriberem.
911 3581 1088 3642 quamquam
1105 3565 1183 3626 volui

111 3662 246 3738 equidem
270 3663 344 3724 nihil
368 3682 506 3742 umquam
536 3665 603 3725 ideo
633 3664 780 3738 damnare,
811 3667 890 3744 quod
920 3666 1048 3728 libenter
1075 3686 1184 3741 careas,

111 3765 189 3839 quod
222 3775 328 3843 poetae
360 3766 500 3827 iudicium
535 3775 565 3826 et
597 3784 718 3828 sensum
747 3769 798 3845 qui
831 3768 898 3827 talia
932 3767 1073 3829 addiderit
1110 3769 1185 3829 vitu·

111 3864 275 3943 perandum
305 3885 442 3942 censeas,
476 3869 528 3929 sed
562 3885 595 3928 ea
629 3876 743 3928 tantum
773 3867 872 3946 spuria
902 3868 1041 3942 iudicavi,
1071 3889 1185 3948 quaea

112 3975 208 4045 poeta,
232 3967 320 4029 modo
342 3978 422 4030 recte
439 3970 619 4050 cogitaverit,
644 3968 726 4030 nullo
743 3970 831 4029 modo
854 3968 943 4029 scribi
966 3988 1054 4049 posse
1076 3973 1185 4050 putavi.
