2656 4440
584 242 716 296 SATVRA
732 243 742 295 l

128 433 219 475 omne
240 415 323 475 valer
344 414 446 475 vitium
468 414 577 475 ridenti
601 415 722 477 Flaccus
743 414 844 480 amico,

128 500 225 578 tangit
248 510 277 560 et
298 501 441 561 admissus
464 500 577 561 circum
600 502 772 581 praecordia
794 500 876 572 ludit,

127 584 251 646 callidus
273 604 397 646 excusso
419 585 564 664 populum
585 587 767 664 suspendere
790 604 878 646 naso:

126 690 176 732 me
199 670 317 732 muttire
340 667 445 730 neias'i
469 689 525 732 nec
547 669 645 732 clam?
667 689 724 732 nec
747 689 814 732 cum
837 667 966 731 scrobe?
989 669 1155 750 nusquam?

126 756 176 816 hic
200 765 298 816 tamen
322 755 474 815 infodiam.
519 756 587 829 vidi,
610 756 666 817 vidi
690 757 763 836 ipse,
786 755 900 816 libelle:
1163 767 1205 817 lto

128 841 276 902 auriculas
298 840 373 901 asini
396 841 463 919 quis
485 859 546 901 non
570 839 680 901 hahet?
707 843 763 902 boc
786 860 842 919 ego
865 848 1010 920 opertum,

127 927 187 987 hoc
207 926 305 986 ridere
327 943 437 999 meum,
458 935 517 986 tam
542 927 593 1000 nil,
616 926 696 987 nulla
718 925 772 986 tibi
794 927 890 986 vendo

128 1010 225 1072 iliade.
270 1011 372 1071 audaci
396 1011 577 1089 quicumque
600 1012 705 1072 adilate
727 1010 847 1072 Cratino
995 1087 996 1090 Ἴ

127 1096 235 1157 iratum
257 1095 432 1174 Eupolidem
456 1096 632 1175 praegrandi
656 1114 723 1157 cum
746 1115 817 1157 sene
840 1095 940 1174 palles,

127 1182 227 1260 aspice
249 1182 382 1253 ethaeo,
406 1181 431 1241 si
453 1181 530 1241 forte
552 1181 660 1259 aliquid
683 1181 832 1243 decoctius
854 1180 946 1241 audis.
1162 1188 1205 1239 125

129 1267 199 1326 inde
220 1274 359 1344 vaporata
381 1265 476 1326 lector
497 1266 568 1326 mihi
592 1267 703 1327 ferveat
724 1285 804 1336 aure,

127 1369 190 1412 non
215 1351 263 1411 hio
286 1350 390 1428 quiin
414 1350 548 1428 crepidas
570 1351 725 1411 Graiorum
747 1351 849 1411 ludere
872 1349 959 1429 gestit

127 1435 265 1497 sordidus
288 1444 317 1496 et
338 1435 422 1496 lusco
445 1436 496 1514 qui
518 1435 612 1515 possit
634 1435 732 1497 dicere
751 1428 854 1497 ‘lusce’

128 1633 216 1690 tribus
232 1650 324 1690 omnes
339 1634 431 1691 XXXV
445 1634 578 1698 lacerarit,
603 1651 634 1691 ex
655 1633 754 1708 quibus
775 1633 840 1690 urbs
860 1641 918 1690 tota
938 1639 1054 1689 constat.
1146 1633 1204 1690 116

127 1719 253 1775 Horatius
276 1736 332 1776 non
353 1729 384 1777 ut
405 1720 521 1777 lucilius
543 1719 681 1776 hominum
704 1719 766 1775 vitia
788 1717 937 1792 castigavit,
967 1719 1014 1774 sed
1045 1724 1077 1773 nt
1104 1717 1205 1774 rideret

128 1804 207 1861 etiam
230 1805 253 1859 is
276 1806 323 1878 qui
346 1805 546 1862 emendabatur.
657 1807 717 1864 118
741 1820 852 1861 excusso
875 1819 950 1866 naso,
974 1810 1110 1868 emuncto,
1135 1802 1206 1859 unde

126 1889 285 1964 intelligitur
305 1890 448 1964 prudenti,
472 1898 503 1946 ut
524 1908 539 1947 e
561 1889 697 1947 contrario
720 1890 767 1964 qui
789 1887 864 1946 stulti
885 1896 958 1952 sunt,
981 1887 1085 1944 mueosi
1107 1886 1205 1943 dieun-

124 1983 180 2032 tur.
293 1976 352 2033 119
374 1974 580 2050 proverbialiter
601 1974 708 2032 dicitur.
752 1974 863 2031 dicimus
883 1963 1014 2029 ‘muttum
1036 1966 1157 2029 nullum’
1178 1973 1205 2027 id

125 2069 167 2117 est
188 2059 295 2117 nullum
318 2059 436 2117 emiseris
459 2061 580 2117 verbum.
669 2060 734 2116 blida
756 2077 804 2117 rex
818 2059 917 2134 Lydiae
939 2057 990 2115 suit
1011 2057 1137 2133 cognitor
1158 2058 1204 2113 ad·

124 2145 225 2203 hibitus
247 2162 263 2201 a
285 2145 387 2220 Marsya
410 2154 437 2202 et
457 2145 582 2220 Apolline
604 2145 803 2203 decertantibus
824 2144 894 2201 inter
915 2161 953 2209 se,
976 2160 1094 2217 quorum
1117 2142 1220 2199 audita¹

125 2231 256 2287 cantilena
285 2230 442 2305 praeposuit
472 2221 611 2306 llarspam.
644 2231 728 2287 iratus
757 2230 856 2305 Apollo
887 2230 1022 2285 damnavit
1047 2229 1104 2286 eins
1133 2228 1205 2284 stul-

123 2317 208 2372 titiam
237 2315 347 2371 auribns
376 2315 497 2380 asininis,
529 2333 594 2390 quas
623 2332 684 2371 cum
712 2315 745 2371 ab
775 2316 894 2371 omnium
927 2322 1074 2387 conspectu
1103 2329 1204 2369 corona

123 2401 246 2473 imposita
268 2399 435 2474 prohiberet,
459 2401 521 2456 dnm
546 2401 704 2457 tonderetur
726 2417 741 2456 a
763 2416 813 2456 suo
835 2399 943 2461 liberto,
966 2406 1089 2454 metuens
1112 2397 1205 2453 divul-

124 2485 181 2556 gari
211 2484 234 2540 ei
262 2501 377 2557 poenam
405 2485 541 2558 imposuit.
586 2486 632 2557 qni
661 2501 722 2540 enm
751 2484 887 2540 silentium
914 2484 983 2539 intra
1012 2499 1041 2538 se
1064 2482 1203 2538 continere

125 2584 181 2622 non
202 2578 312 2640 posset,
341 2568 465 2624 scrobem
494 2567 558 2624 iecit
585 2576 611 2625 et
640 2569 713 2641 quod
736 2567 836 2623 viderat
857 2567 929 2622 intus
953 2566 1079 2622 narravit.
1101 2566 1128 2620 in
1152 2582 1204 2639 qua

125 2661 187 2707 nata
210 2660 251 2707 est
273 2668 356 2707 canna
378 2669 411 2708 er
432 2669 484 2726 qua
506 2651 622 2707 fistulam
645 2652 769 2708 fecerunt
795 2660 935 2725 pastores,
963 2659 1073 2707 etcum
1097 2659 1204 2706 cantare

123 2736 232 2798 vellent.
257 2735 346 2793 fistula
367 2736 448 2793 verba
472 2737 592 2793 tonsoris
614 2736 748 2792 narrabat.
869 2736 927 2794 120
951 2735 1049 2792 dicitur
1071 2735 1204 2793 Neronem

124 2829 152 2878 et
176 2821 315 2878 Claudium
344 2821 464 2896 tetigisse
491 2821 543 2878 sub
571 2821 696 2895 allegoria
723 2820 817 2879 ididae.
950 2823 1006 2880 121
1030 2821 1139 2878 Persius
1166 2821 1206 2877 sic

124 2906 248 2981 scripsit:
273 2906 406 2963 auriculas
429 2907 494 2963 asini
517 2906 585 2963 blida
608 2924 654 2964 rer
676 2906 766 2972 habet,
800 2906 847 2963 sed
863 2906 998 2964 Cornutus
1020 2905 1072 2964 hoo
1093 2908 1205 2963 mutavit

123 2993 158 3048 ita
181 3008 301 3065 ponens:
326 2991 458 3050 auriculas
481 2991 547 3048 asini
569 2992 629 3066 quis
651 3009 707 3048 non
730 2988 831 3048 habeti
853 2992 953 3049 veritus
975 3009 1010 3048 ue
1032 2993 1102 3050 Nero
1125 2993 1152 3048 in
1174 3010 1203 3050 se

123 3077 221 3133 dictum
244 3085 362 3151 putaret.
447 3077 500 3135 boc
522 3094 628 3135 carmen
650 3095 754 3141 meum,
786 3078 858 3153 quod
880 3077 966 3134 latens
988 3086 1078 3134 estet
1101 3077 1203 3135 obsen-

122 3180 192 3225 rnm,
216 3161 316 3219 nullius
338 3163 467 3220 momenti
488 3171 516 3219 et
538 3162 711 3220 ridiculosum
734 3171 762 3220 et
782 3163 921 3237 ineptum,
951 3180 1005 3237 qno
1028 3163 1118 3228 rideo,
1147 3179 1201 3236 quo

123 3247 250 3313 delector,
274 3264 330 3304 non
352 3248 400 3304 tibi
424 3248 502 3313 dabo,
526 3248 549 3304 si
570 3248 633 3304 mibi
655 3248 733 3305 iliada
749 3247 881 3305 Labeonis
896 3258 942 3304 ant
955 3248 1070 3305 Neronis
1086 3247 1201 3303 Troicon

122 3333 221 3389 tradas.
244 3333 351 3407 scripsit
373 3333 443 3390 enim
465 3333 537 3390 Nero
559 3334 686 3390 Troicos.
791 3335 849 3391 123
872 3332 1018 3407 unicuique
1041 3349 1119 3388 suum
1142 3332 1201 3404 epi-

122 3417 216 3474 theton
240 3417 322 3475 dedit.
368 3419 495 3475 audacem
519 3418 656 3475 Cratinum
679 3419 750 3482 dicit,
775 3420 873 3475 iratum
894 3418 1068 3492 Eupolidem,
1092 3417 1201 3472 Aristo-

121 3501 236 3576 phanem
259 3504 467 3577 praegrandem,
496 3503 557 3577 quia
584 3503 675 3560 nullus
704 3520 764 3560 eum
793 3511 875 3578 poeta
898 3501 1101 3576 satirographus
1123 3509 1201 3556 ante-

122 3588 202 3644 cedit.
247 3597 274 3643 et
295 3588 347 3645 hoc
371 3588 449 3646 dicit:
473 3587 519 3662 qui
534 3587 641 3645 aiilatus
657 3606 685 3645 es
701 3589 809 3645 Cratino
825 3597 853 3646 et
866 3587 950 3662 palles
964 3587 1079 3659 legendo
1095 3586 1202 3643 Aristo-

122 3672 238 3747 phanem
256 3681 284 3729 et
304 3674 472 3748 Eupolidem,
496 3683 523 3730 et
545 3690 603 3730 mea
625 3674 741 3731 earmina
762 3674 830 3747 lege.
920 3674 978 3731 128
994 3671 1124 3729 naturalia
1140 3672 1202 3727 vitia

210 3864 259 3914 118
279 3861 393 3914 Coliidus
412 3869 435 3913 α
511 3865 560 3916 119
578 3862 636 3915 Men
652 3867 698 3928 ρς
767 3861 849 3912 scribe
869 3866 893 3910 α
972 3862 1018 3914 121
1037 3861 1157 3914 Annicula
1176 3868 1200 3912 α

208 3932 257 3984 123
276 3930 380 3982 afflante
399 3929 501 3982 cradina
521 3938 544 3982 α
616 3934 665 3984 124
683 3929 820 3996 eupoliden
839 3931 863 3980 P
932 3929 979 3980 127
999 3935 1126 3982 craterum
1144 3931 1200 3980 lan·

120 4000 224 4052 derebt
296 4001 344 4052 128
363 4013 391 4050 es
410 4005 433 4049 α
502 3999 588 4066 possis
607 4007 631 4051 α
