2656 4440
496 248 591 302 LIBER
608 249 618 302 l
654 249 786 302 SATVRA
803 250 823 302 ll

123 425 235 502 inputo,
260 424 311 503 qui
333 423 415 483 vultu
438 421 576 483 morbum
598 423 776 499 incessuque
797 423 914 483 fatetur.

122 510 226 571 horum
250 508 423 589 simplicitas
445 507 630 581 miserabilis,
653 507 699 567 his
720 508 804 568 furor
827 508 890 587 ipse

122 595 168 655 dat
188 593 322 671 veniam;
345 594 396 655 sed
419 593 546 672 peiores,
569 593 620 671 qui
642 592 709 652 talia
732 592 831 653 verbis

122 677 257 740 Herculis
278 679 422 742 invadunt
443 686 473 739 et
494 679 531 740 de
553 679 660 738 virtute
682 676 773 738 locuti

122 765 241 824 clunem
265 764 385 842 agitant.
427 755 496 840 ‘ego
519 771 734 835 moerentem,
758 763 855 835 Sexte,
877 751 1038 823 vereborl'

122 848 239 911 infamis
261 848 387 910 Varillus
409 849 449 910 ait
466 843 540 926 ‘quo
563 848 692 908 deterior
714 846 765 908 te‘l

123 933 286 1013 loripedem
309 943 409 995 rectus
431 933 572 1007 derideat,
594 933 771 1011 Aethiopem
794 932 886 993 albus.

123 1020 187 1098 quis
209 1019 313 1080 tulerit
334 1018 484 1081 Gracchos
505 1019 542 1080 de
564 1018 709 1079 seditione
732 1015 913 1096 querentes?

124 1104 188 1183 quis
212 1103 327 1165 caelum
348 1104 437 1165 terris
459 1123 520 1165 non
543 1103 665 1164 misceat
687 1111 717 1163 et
737 1121 819 1164 mare
842 1103 932 1175 caelo,

123 1189 147 1250 si
168 1190 218 1250 lur
240 1189 394 1270 displiceat
416 1189 510 1261 Verri,
533 1188 681 1249 homicida
702 1188 814 1261 Miloni,

124 1273 242 1337 Clodius
264 1282 383 1336 accuset
405 1275 554 1347 moechos,
578 1272 701 1334 Catilina
724 1273 895 1352 Cethegum,

124 1360 154 1418 in
177 1358 307 1420 tabulam
330 1359 429 1420 Sullae
451 1360 476 1421 si
498 1359 598 1420 dicant
620 1358 755 1438 discipuli
777 1348 874 1419 tresl’

124 1444 217 1523 quahs
240 1451 302 1506 erat
325 1462 422 1524 nuper
443 1445 556 1524 tragico
579 1444 710 1522 pollutus
732 1443 847 1504 adulter

123 1528 295 1606 concubitu,
319 1530 369 1608 qui
391 1538 464 1591 tunc
486 1530 566 1610 leges
588 1529 744 1590 revocabat
766 1547 879 1589 amaras

124 1613 264 1677 omnibus
286 1623 374 1693 atque
397 1615 469 1694 ipsis
490 1615 598 1676 Veneri
620 1614 765 1692 Martique
788 1613 942 1688 timendas,

120 1717 193 1760 cum
215 1708 261 1760 tot
282 1699 422 1761 abortivis
445 1701 601 1761 secundam
625 1699 697 1760 lulia
720 1700 831 1758 vulvam

123 1785 252 1846 solveret
274 1793 303 1845 et
325 1794 432 1864 patruo
455 1785 565 1846 similes
588 1784 753 1845 effunderet
775 1784 857 1845 ollas.

126 1888 230 1930 nonne
252 1870 342 1948 igitur
365 1871 429 1931 iure
452 1889 486 1931 ac
507 1870 614 1930 merito
636 1870 704 1930 vitia
727 1869 828 1930 ultima
851 1869 935 1928 [ictos

127 1962 328 2016 contemnunt
350 1956 478 2016 Scauros
502 1965 530 2015 et
552 1955 691 2032 castigata
714 1951 908 2015 remordent?

169 2058 230 2100 non
253 2040 322 2100 tulit
343 2059 379 2101 ex
401 2040 458 2102 illis
479 2049 595 2102 torvum
619 2040 744 2101 Laronia
768 2040 914 2118 quendam

126 2124 302 2186 clamantem
325 2127 436 2187 totiens
454 2119 520 2185 ‘ubi
543 2144 625 2186 nunc
646 2125 693 2185 lex
715 2123 810 2185 lulia‘l
833 2120 965 2185 dormis‘l

971 2112 979 2138 )

128 2217 217 2288 atque
240 2210 279 2271 ita
301 2209 475 2271 subridens:
496 2204 605 2271 ‘salicia
628 2221 773 2290 tempora,
797 2229 873 2289 quae
894 2221 924 2270 te

127 2293 260 2356 moribus
283 2304 452 2374 opponunt.
497 2295 602 2356 habeat
624 2296 680 2356 iam
704 2296 797 2356 Roma
820 2294 975 2374 pudorem,

127 2380 232 2442 tertius
253 2399 270 2441 e
293 2381 373 2442 caelo
397 2380 503 2442 cecidit
525 2380 605 2441 Cato.
649 2381 701 2442 sed
722 2389 820 2441 tamen
843 2380 924 2440 unde
1171 2385 1200 2434 40

214 2537 251 2594 tt
276 2536 433 2593 inclinatum
456 2536 487 2592 ad
510 2544 636 2610 stuprum
658 2544 685 2592 et
712 2536 898 2592 sustinentem.
1029 2535 1066 2590 27
1092 2532 1200 2589 Clodius

128 2621 157 2677 C.
180 2620 297 2677 Caesaris
319 2639 431 2678 uxorem
455 2621 615 2678 adulteravit
637 2630 663 2677 et
685 2620 748 2677 licet
771 2621 905 2676 Ciceronis
929 2618 1080 2675 testimonio
1104 2635 1200 2692 grava-

126 2706 243 2772 tussit,
270 2714 358 2763 tamen
380 2706 519 2764 absolutus
542 2716 592 2763 est.
723 2705 830 2762 Clodius
853 2714 880 2762 et
901 2703 1023 2760 Clodium
1045 2700 1200 2760 accusabit?

128 2791 175 2865 qui
196 2791 271 2848 etin
294 2792 393 2867 templo
416 2791 503 2848 honae
526 2791 588 2848 deae
612 2791 729 2847 Caesaris
751 2791 908 2847 adulteravit
930 2806 1051 2846 uxorem.

214 2877 253 2936 28
269 2878 493 2952 proscriptorum.
571 2877 666 2932 Caesar
680 2877 823 2950 Pompeius
838 2887 865 2934 et
880 2877 989 2932 Crassus
1005 2874 1046 2932 vel
1062 2876 1200 2949 Augustus

127 2961 242 3036 Lepidus
266 2963 407 3020 Antonius.
545 2963 584 3020 29
609 2962 747 3018 Claudiurn
771 2964 907 3019 Caesarem
934 2962 1011 3026 dicit,
1041 2963 1088 3035 qui
1116 2961 1201 3018 occisa

127 3046 267 3103 Messalina
288 3064 374 3104 uxore
395 3047 602 3121 impudicissime
618 3047 792 3122 Agrippinam
815 3047 904 3104 fratris
919 3047 1069 3103 Germanioi
1090 3056 1202 3102 matrem

128 3131 241 3188 Neronis
262 3141 416 3190 revocatam
437 3133 471 3189 ab
492 3131 579 3188 insula
600 3133 627 3188 in
650 3133 849 3189 matrimonium
871 3133 973 3205 accepit
995 3148 1123 3188 concesso
1146 3132 1203 3187 iure

128 3216 222 3273 talium
243 3217 399 3292 nuptiarum
422 3235 453 3274 ex
475 3217 523 3274 SC.
548 3235 628 3291 quam
649 3218 712 3274 dicit
734 3217 813 3273 etiam
835 3217 990 3289 frequenter
1012 3214 1136 3271 abortum
1157 3213 1202 3271 fe-

129 3300 205 3367 cisse,
228 3319 263 3358 ne
286 3321 317 3360 ex
339 3304 398 3379 ipso
421 3303 580 3360 colteredem
601 3303 700 3359 Neroni
728 3302 782 3358 filio
805 3311 926 3376 pareret.
957 3301 999 3356 cui
1021 3299 1065 3356 illa
1087 3316 1200 3373 praepa-

127 3387 197 3443 ravit
218 3387 368 3463 imperium.
498 3388 661 3445 Domitianus
683 3387 773 3443 fratris
803 3387 880 3442 tiliam
903 3384 995 3441 Iuliam
1022 3385 1049 3439 in
1071 3383 1201 3441 adulterio

128 3482 281 3546 sumpserat
302 3475 437 3538 maritam,
468 3490 529 3529 cum
557 3473 614 3548 ipse
637 3473 669 3529 de
691 3471 817 3528 adulteris
839 3471 912 3545 leges
934 3469 1112 3525 severissimas
1134 3486 1202 3543 pro-

127 3555 270 3631 mulgaret.
358 3561 398 3618 32
421 3559 487 3615 haec
508 3558 647 3632 potionem
669 3558 800 3630 accipiens
818 3557 944 3614 abortum
958 3554 1078 3620 iaciebat,
1103 3555 1202 3629 quippe

129 3658 198 3716 quae
219 3660 269 3718 per
290 3643 451 3701 adulterium
474 3643 649 3718 concipiebat.
748 3646 785 3700 35
810 3644 873 3717 quia
893 3641 1062 3697 severitatem
1085 3639 1201 3696 Scauro-

128 3744 191 3783 rum
212 3727 347 3785 simulant.
436 3733 474 3787 40
497 3729 575 3785 multi
596 3728 707 3784 suerunt
723 3728 845 3793 Catones,
871 3745 884 3783 e
907 3725 1004 3800 quihus
1020 3726 1073 3781 duo
1089 3723 1203 3781 nobilis-

218 3879 248 3927 17
268 3875 367 3928 uultum
386 3877 452 3941 Ppr.
527 3877 558 3928 26
577 3875 659 3928 uerri*
679 3877 703 3926 P
786 3877 817 3927 30
836 3873 975 3926 reuocabat
994 3874 1086 3923 Ptum
1104 3872 1203 3923 adroso

129 3939 271 4002 bfoctum
288 3947 355 3997 arat
425 3946 456 3998 31
475 3944 525 4012 ipsi
539 3960 559 4010 p
630 3945 663 3995 34
682 3944 771 3996 ultima
789 3944 914 3994 inlitora
932 3943 1054 3993 totumP
1120 3939 1203 3994 38Ad

129 4025 207 4079 ‘luem
226 4014 246 4077 ς
