2656 4440
227 208 266 269 18
712 207 816 263 Puttstt

222 377 319 446 ‘bunc
341 391 446 463 optent
468 400 612 461 generum
634 400 685 444 rex
709 393 739 445 et
760 383 873 463 regina,
896 383 1012 463 pueMae

224 471 307 532 bunc
329 470 445 548 rapiant
452 486 461 543 ;
484 468 626 548 quidquid
648 469 803 531 calcaverit
824 471 881 544 bic,
904 487 971 530 rosa
993 463 1069 531 fiat'.

225 563 269 617 ast
292 573 347 634 ego
371 554 480 615 nutrici
502 572 563 614 non
586 554 696 614 mando
718 564 794 615 vota.
833 563 952 635 negato,

225 640 367 721 luppiter,
390 641 462 701 hacc
483 638 534 714 illi,
559 639 699 718 quamvis.
712 648 742 701 te
765 639 859 701 albata
881 641 1001 718 rogarit.

267 725 366 806 poscis
388 743 476 805 opem
498 725 596 786 nervis
618 743 788 804 corpusque
810 725 895 786 fidele
918 735 1063 787 senectae.

225 819 298 884 esto,
320 829 384 891 age.
421 810 473 872 sed
494 809 622 887 grandes
645 810 763 889 patinae
785 819 960 890 tuccetaque
983 829 1082 873 crassa

225 896 356 957 adnuere
378 895 425 957 his
446 912 571 975 superos
593 903 713 956 vetuere
735 896 894 976 lovemque
916 905 1081 958 morantur.

267 999 331 1042 rem
353 989 468 1042 struere
481 988 612 1083 exoptas
634 999 719 1042 caeso
742 980 816 1041 bove
839 981 1079 1061 Mercuriumque

224 1067 351 1128 accersis
372 1058 532 1127 tibrada
555 1067 709 1128 fortunare
732 1067 857 1146 penatis,
1275 1079 1306 1129 45

225 1238 374 1296 dibaeresin
396 1238 512 1295 nominis
535 1247 562 1295 et
590 1256 605 1294 a
633 1240 742 1296 nomine
769 1256 920 1312 cognomen
949 1239 1088 1306 disiunxit,
1117 1249 1149 1297 ut
1169 1239 1305 1315 Vergilius

224 1323 305 1400 [Aen.
330 1325 358 1389 3,
386 1318 487 1398 161]ι
495 1340 551 1381 non
572 1323 637 1382 baec
659 1324 708 1382 tibi
729 1324 808 1381 litora
834 1325 918 1382 suasit
938 1325 1028 1382 Delius
1059 1335 1105 1383 aut
1128 1325 1251 1383 Cretae'
1244 1345 1305 1385 rus-

223 1408 258 1466 sit
278 1408 415 1467 confidere
437 1398 561 1484 Apollo'.
606 1410 741 1467 interdum
764 1409 902 1484 epitheton
924 1428 938 1467 a
961 1411 1084 1477 nomine,
1115 1420 1147 1468 ιιι
1169 1409 1248 1487 [Aea.
1274 1414 1302 1478 3,

225 1483 386 1567 6281‘uec
407 1493 467 1551 talia
489 1512 585 1569 passus
608 1495 695 1552 Vlixes
724 1493 857 1552 oblitusve
884 1495 927 1552 sui
955 1506 996 1554 est
1023 1496 1129 1554 ltbacus
1152 1497 1305 1555 discrimine

223 1573 322 1636 tanto?
355 1579 423 1635 ordo
440 1587 494 1636 est:
518 1597 592 1653 spem
607 1597 722 1638 macram
735 1589 799 1636 voto
814 1579 929 1654 supplici
950 1582 1080 1638 modom
1095 1598 1205 1656 campos
1220 1583 1303 1639 modo

224 1664 251 1720 in
273 1664 353 1721 aedes
366 1664 459 1721 Licinii
475 1664 561 1723 Crassi
582 1666 664 1722 mittit
686 1665 790 1722 diceus:
815 1665 847 1720 da
868 1664 907 1721 illi
927 1674 1057 1740 quantum
1074 1667 1184 1724 Crassus
1199 1665 1303 1725 babuit.

310 1751 349 1808 39
372 1757 414 1806 ast
434 1767 495 1824 ego,
518 1751 614 1825 inquit,
638 1758 808 1824 contemptor
823 1750 973 1808 divitiarum
988 1751 1052 1808 nolo
1067 1769 1083 1808 a
1098 1753 1147 1809 diis
1161 1751 1222 1808 talia
1237 1752 1303 1809 mihi

221 1833 365 1909 impetrare
387 1837 529 1902 nutricem,
553 1835 696 1909 arguitque
716 1835 864 1909 imperitos,
888 1836 934 1910 qui
956 1837 1081 1894 nesciunt
1102 1838 1168 1911 quid
1183 1838 1218 1894 sit
1232 1855 1303 1895 con-

223 1936 355 2020 sequens
363 1928 466 1994 optare.
511 1938 567 1978 non
588 1921 698 1978 mando.
727 1918 809 1977 verbo
832 1939 898 1977 usus
920 1931 962 1978 est
971 1923 1151 2020 aruspicum,
1180 1939 1240 1979 cum
1264 1924 1302 1980 eis

223 2004 320 2062 dicitur
345 1994 456 2061 ‘mando
480 2005 528 2062 tibi
549 2014 581 2063 ιιι
605 2006 747 2062 maximum
769 2005 857 2062 lovem
879 1994 994 2071 audias’,
1018 2016 1049 2065 ut
1074 2008 1301 2082 quemadmodum

224 2090 424 2163 procurationis
445 2091 557 2147 assertio
579 2090 618 2156 lit,
641 2091 676 2147 ito
699 2090 745 2147 liat
767 2092 843 2149 etin
865 2091 947 2148 sacris
969 2101 997 2149 et
1019 2094 1046 2148 in
1067 2110 1158 2167 prece.

309 2178 347 2232 41
379 2174 466 2241 fidele,
496 2175 640 2233 robustum
667 2175 780 2232 validum
810 2177 885 2250 quod
913 2178 1044 2234 sustineat
1070 2186 1205 2236 senectam
1233 2194 1303 2252 quae

222 2258 326 2317 morbis
361 2259 485 2316 omuibus
519 2260 645 2318 abundat.
679 2262 751 2318 unde
779 2262 880 2319 dictum
908 2271 948 2319 cst
976 2262 1055 2336 [Ter.
1085 2263 1200 2319 Pltorm
1231 2267 1268 2322 57
1274 2261 1304 2338 4]

215 2339 359 2403 ‘senectus
379 2345 438 2420 ipsa
459 2346 571 2403 morbus
594 2333 661 2403 est.
749 2349 789 2405 42
813 2356 928 2404 tucceta.
950 2350 1019 2445 apud
1043 2348 1133 2405 Gallos
1155 2347 1305 2423 Cisalpinos

221 2430 322 2489 bubula
345 2431 442 2489 dicitur
463 2448 526 2489 caro
548 2432 725 2489 condimentis
748 2432 907 2506 quibusdam
937 2434 1032 2490 crassis
1054 2433 1136 2490 oblita
1158 2450 1189 2489 ac
1210 2449 1304 2490 maee-

222 2526 296 2583 rata,
327 2525 354 2574 et
375 2516 435 2575 ideo
458 2526 516 2575 toto
539 2533 609 2574 anno
632 2518 721 2575 durat.
750 2518 820 2574 solet
847 2519 926 2575 etiam
953 2519 1066 2592 porcina
1088 2520 1181 2576 eodem
1204 2535 1305 2592 genere

223 2603 331 2660 condita
353 2604 463 2660 servari.
507 2612 554 2661 aut
575 2613 755 2661 assaturarum
777 2604 846 2660 iura.
868 2605 932 2659 bino
953 2604 1056 2660 Plotius
1072 2603 1179 2677 Vergilii
1201 2601 1304 2661 amicus

221 2688 250 2745 in
272 2688 364 2745 eadem
385 2689 497 2762 regione
519 2698 561 2746 est
582 2690 734 2746 nominatus
750 2689 846 2746 Tucca.
904 2690 1002 2745 iterum
1019 2689 1052 2745 de
1067 2689 1205 2745 hominum
1221 2697 1304 2762 opta-

222 2772 358 2837 tionibus,
387 2790 448 2830 cum
480 2782 575 2847 petant
606 2782 637 2830 ut
668 2772 753 2829 fortes
781 2774 836 2829 sint
865 2790 980 2847 corpore
1008 2782 1035 2830 et
1057 2775 1148 2830 eadem
1170 2772 1304 2831 fortitudo

223 2873 310 2930 usque
331 2866 486 2930 perseveret
506 2857 534 2912 iu
555 2865 699 2914 senectam.
743 2857 790 2914 sed
811 2858 864 2914 boc
886 2875 900 2913 a
924 2857 972 2913 diis
994 2874 1049 2914 non
1071 2868 1164 2933 potest
1178 2858 1303 2924 concedi,

223 2942 287 2998 dum
309 2940 406 2998 cotidie
429 2940 537 3014 crapula
564 2942 685 3014 ipsorum
714 2957 814 3015 corpus
844 2942 1001 3016 corrumpit.
1110 2946 1150 3001 44
1173 2952 1238 3000 sunt
1259 2943 1304 3000 elii

223 3027 270 3101 qui
291 3034 410 3100 poscunt
436 3026 487 3082 sibi
516 3026 675 3100 patrimonia
703 3027 795 3099 augeri
824 3042 879 3082 non
908 3027 965 3083 sine
988 3028 1099 3094 damno,
1130 3038 1157 3086 et
1178 3036 1304 3102 petentes

226 3111 328 3170 divitias
350 3111 401 3186 ipsi
427 3111 504 3186 prius
532 3111 691 3185 impendunt
712 3110 840 3168 sacrificia
863 3111 920 3169 diis.
971 3120 998 3169 et
1019 3111 1089 3170 bene
1117 3114 1148 3168 ad
1177 3113 1304 3169 invidiam

223 3215 300 3256 caeso
322 3197 392 3256 bove
415 3197 497 3263 dixit,
527 3196 604 3270 quasi
625 3203 735 3253 auctore
758 3196 796 3253 rei
818 3197 967 3261 familiaris,
997 3197 1102 3255 cultura
1125 3197 1196 3255 enim
1217 3198 1304 3255 boum

223 3285 359 3342 ditescunt
379 3282 511 3340 homiues.
577 3281 708 3338 Mercurio
731 3281 791 3338 ideo
816 3282 881 3338 dixit
902 3282 1060 3340 sacrificium
1089 3284 1192 3348 lacere,
1225 3285 1303 3358 quod

228 3371 293 3428 deus
317 3378 358 3426 est
378 3368 456 3434 lucri,
486 3367 624 3441 quomodo
654 3384 735 3441 supra
765 3366 830 3424 dixit
856 3367 999 3425 Herculem
1028 3358 1213 3467 [o.10]‘et
1240 3369 1306 3426 osi

223 3454 274 3511 sub
301 3464 389 3511 rastro
417 3462 509 3526 crepet
536 3453 640 3526 argenti
667 3452 731 3508 mibi
758 3453 824 3510 scria
853 3454 947 3511 dextro
970 3441 1113 3511 Hercule.
1147 3454 1194 3511 sed
1224 3454 1304 3511 illum

224 3539 290 3596 dixit
310 3538 459 3596 absconditi
485 3537 555 3594 lucri
584 3554 641 3595 esse
669 3539 831 3611 praesidem,
863 3540 1023 3596 Mercurium
1053 3548 1142 3596 autem
1171 3539 1303 3596 evidentis

222 3623 322 3682 lucelli.

310 3773 341 3823 37
362 3773 452 3838 optent
469 3771 501 3821 P:
521 3775 593 3836 optet
611 3778 635 3822 α
704 3773 736 3823 39
755 3787 807 3822 non
824 3771 915 3822 nutrici
936 3769 1028 3821 mando
1042 3771 1108 3835 Ppr.
1180 3773 1213 3822 40
1232 3769 1299 3823 haec

225 3856 275 3893 om.
295 3846 318 3890 α
389 3838 490 3905 rogabit
508 3845 532 3889 α
602 3842 632 3891 41
647 3838 734 3891 Poscit
753 3846 776 3890 α
846 3841 879 3890 42
898 3838 1006 3903 grandes
1018 3840 1051 3889 P:
1069 3839 1179 3905 pingens
1199 3845 1223 3889 α
1242 3840 1303 3905 pin-

224 3914 328 3974 gues&
413 3910 446 3960 43
464 3908 587 3960 mirantur
604 3909 627 3958 P
642 3913 771 3960 morantur
784 3923 805 3972 p
909 3909 941 3959 45
960 3906 1077 3958 Accessis
1096 3913 1120 3957 α
1207 3905 1301 3960 libram

223 3975 359 4044 Pfibrap
429 3975 460 4028 de
479 3981 503 4026 α
