2656 4440
124 217 163 276 90
571 218 745 272 lVVENALlS

122 401 286 471 suspectus,
309 400 457 469 tamquam
481 390 544 470 ipse
566 410 633 453 suas
655 393 823 453 incenderit
844 393 940 454 aedes.

123 477 146 538 si
169 486 255 556 potes
277 476 360 536 avelli
384 476 577 551 circensibus,
602 478 712 556 optima
735 479 826 538 Sorae

122 573 173 622 aut
195 561 381 622 Fabrateriae
404 561 510 622 domus
532 573 582 622 aut
604 562 772 624 Frusinone
795 573 925 642 paratur,

123 647 225 725 quanti
249 666 329 707 nunc
352 646 490 707 tenebras
515 666 607 707 unum
631 649 773 709 conducis
794 648 826 708 in
849 666 969 708 annum.

123 733 258 793 hortulus
280 731 328 792 bic
350 741 517 810 puteusque
540 732 636 793 brevis
660 753 715 794 nec
739 745 816 794 reste
839 734 1011 806 movendus,

122 821 153 879 in
177 818 276 878 tenuis
299 816 413 895 plantas
436 816 513 877 facili
536 818 712 879 diffunditur
734 819 850 879 haustu.

122 904 185 964 vive
208 902 336 964 bidentis
358 920 460 963 amans
482 913 512 962 et
534 903 606 964 culti
628 903 731 964 vilicus
753 903 842 976 horti,

123 989 202 1050 unde
225 988 344 1067 epulum
368 987 464 1066 possis
487 997 607 1048 centurn
631 989 700 1049 dare
723 988 923 1068 Pythagoreis.

124 1085 167 1135 est
189 1073 308 1152 aliquid,
333 1090 522 1151 quocumque
545 1074 622 1146 loco,
646 1091 834 1151 quocumque
857 1091 976 1134 recessu

124 1160 211 1220 nnius
232 1178 297 1219 sese
319 1158 472 1218 dominum
494 1157 600 1219 fecisse
622 1159 758 1220 lacertae.

166 1245 310 1323 plurimus
332 1243 380 1303 hio
403 1261 492 1322 aeger
514 1244 640 1304 moritur
661 1243 818 1323 vigilando,
841 1242 892 1303 sed
914 1243 1013 1321 ipsum

122 1330 294 1409 languorem
318 1328 434 1407 peperit
458 1326 542 1389 cibus
564 1330 748 1408 inperfectus
771 1338 800 1388 et
821 1329 948 1389 haerens

122 1414 237 1476 ardenti
260 1414 425 1485 stomacho;
449 1432 517 1473 nam
540 1432 615 1492 quae
637 1414 786 1475 meritoria
809 1431 948 1474 somnum

124 1496 304 1560 admittunt?
327 1498 442 1576 magnis
465 1499 571 1577 opibus
593 1500 740 1560 dormitur
762 1499 792 1559 in
817 1498 901 1559 urbe.

123 1588 192 1647 inde
216 1593 304 1663 caput
327 1584 432 1646 morbi.
477 1584 632 1646 raedarum
654 1585 796 1645 transitus
818 1594 882 1643 arto

123 1672 254 1732 vicorum
278 1669 388 1729 inflexu
411 1679 441 1729 et
461 1669 566 1730 stantis
589 1670 720 1730 convicia
744 1670 883 1729 mandrae

124 1756 252 1835 eripient
274 1772 413 1815 somnum
436 1754 532 1814 Druso
554 1755 711 1834 vitulisque
733 1754 865 1815 marinis.

121 1842 145 1902 si
167 1850 252 1901 vocat
274 1840 414 1913 osticium,
438 1839 525 1899 turba
548 1840 671 1901 cedente
692 1842 816 1900 vehetur

123 1928 202 1987 dives
225 1935 254 1985 et
276 1924 390 2003 ingenti
413 1934 513 1984 curret
535 1944 626 2003 super
649 1944 700 1985 ora
723 1925 855 1985 Liburna

123 2023 210 2089 atque
234 2011 329 2071 obiter
350 2009 428 2087 leget
451 2019 501 2068 aut
523 2009 633 2070 scribet
653 2011 699 2071 vel
721 2010 849 2070 dormiet
871 2008 951 2069 intus
959 2025 967 2082 ;

125 2114 253 2174 namque
277 2095 347 2155 lacit
368 2112 505 2154 somnum
530 2095 628 2155 clausa
650 2095 753 2157 lectica
775 2095 914 2155 fenestra.

124 2190 192 2241 ante
212 2189 311 2240 tamen
336 2179 447 2238 veniet:
472 2179 558 2240 nobis
581 2180 812 2260 properantibus
834 2187 931 2257 opstat

123 2265 201 2327 unda
224 2265 316 2344 prior,
339 2282 446 2342 magno
470 2264 599 2342 populns
621 2265 730 2344 premit
752 2263 870 2343 agmine
892 2263 1009 2322 lumbos

121 2447 207 2495 meret
234 2454 307 2494 nunc
328 2437 372 2493 ille
394 2437 493 2512 babyla
516 2437 563 2493 llll
584 2423 688 2492 minas'.
819 2437 879 2494 222
902 2435 962 2491 ideo
985 2434 1112 2507 suspicati
1134 2442 1199 2489 sunt

122 2525 194 2580 ultro
217 2523 306 2596 ipsum
327 2523 497 2579 succendisse
520 2523 610 2579 domui
632 2538 711 2586 suae,
741 2521 868 2595 quoniam
890 2519 999 2577 meliora
1021 2530 1048 2577 et
1069 2519 1199 2592 ampliora

122 2609 146 2666 ei
168 2609 264 2665 collata
284 2617 357 2665 sunt.
477 2610 537 2666 224
561 2607 696 2664 civitatum
719 2607 827 2662 nomina
850 2607 1016 2680 Campaniae.
1136 2607 1197 2662 229

122 2704 194 2751 secta
223 2693 462 2768 pbilosophorum,
493 2695 540 2766 qui
561 2693 594 2749 ab
617 2691 774 2747 animalibus
795 2691 929 2747 abstinent
951 2701 977 2748 et
1000 2691 1073 2747 olera
1095 2701 1199 2746 tanturn

122 2780 293 2835 manducant.
381 2779 440 2835 231
467 2779 616 2834 notandum
638 2776 699 2850 qnia
714 2776 844 2833 leminino
861 2793 959 2849 genere
974 2776 1038 2832 dixit
1049 2765 1197 2839 ‘lacertae’,

123 2881 184 2919 eum
206 2863 330 2936 Virgilius
355 2861 417 2936 [ecl.
442 2864 469 2925 2,
495 2861 524 2935 9]
549 2861 696 2918 masculino
719 2861 814 2918 dixerit
832 2847 981 2917 ‘lacertos³.
1069 2862 1130 2919 234
1156 2870 1198 2916 ta-

123 2948 205 3003 berna
234 2946 267 3002 ab
296 2964 328 3003 eo
357 2946 431 3021 quod
459 2949 596 3003 mercedes
618 2956 745 3020 praestat.
877 2947 937 3004 235
961 2962 1057 3020 magna
1078 2945 1200 3019 potentia

122 3032 256 3088 silentium
284 3032 431 3105 imponitur
458 3032 550 3088 vicinis
579 3031 744 3088 tabernariis.
774 3031 815 3088 vel
843 3048 940 3104 magno
968 3031 1055 3105 pretio
1087 3047 1199 3086 somnus

25 3167 27 3171 ,
123 3126 238 3174 constat.
325 3120 384 3176 237
410 3119 543 3173 mandrae.
566 3117 642 3173 locus
662 3119 688 3172 in
703 3134 758 3191 quo
775 3118 849 3190 porci
864 3117 1049 3173 includuntur.
1137 3117 1197 3173 238

121 3205 223 3259 Drusus
246 3204 293 3277 qni
314 3204 430 3259 multum
453 3202 608 3260 dormiebat.
727 3203 787 3261 233
810 3202 832 3256 si
855 3201 973 3259 officium
994 3201 1144 3257 laciendum
1165 3201 1200 3256 sit

123 3289 228 3344 consuli
250 3305 280 3344 ac
301 3289 427 3362 praetori,
453 3288 577 3361 disponit.
671 3290 731 3345 240
754 3287 860 3343 liburna
883 3305 907 3343 a.
930 3288 1024 3343 lectica
1045 3303 1141 3360 magna
1163 3284 1199 3340 li-

124 3373 245 3443 burnam,
268 3391 318 3430 nee
340 3373 450 3446 gerulus
465 3373 608 3429 Liburnus.
631 3373 688 3446 ipse
707 3362 797 3429 ‘tarde
819 3373 922 3428 venisse
936 3357 1077 3426 Liburnus³
1103 3372 1131 3426 in
1153 3388 1200 3426 se-

123 3460 212 3515 cundo
235 3458 304 3515 libro
327 3458 367 3532 [6,
392 3458 475 3532 4777.
577 3460 636 3515 243
661 3474 715 3530 quo
738 3456 855 3522 festinat,
878 3465 940 3511 ante
962 3473 1011 3511 nos
1033 3455 1114 3527 venit,
1137 3473 1200 3512 curn

122 3544 155 3598 ab
178 3544 301 3600 omnibus
330 3544 367 3599 illi
394 3545 472 3600 locus
494 3542 648 3600 transeundi
671 3543 758 3598 detur.

207 3710 257 3759 224
277 3713 378 3773 paretur
393 3726 411 3774 p
494 3708 544 3759 226
561 3705 712 3768 mouendus]
731 3719 762 3756 ns
780 3720 849 3755 corr.
868 3721 903 3754 eac
921 3704 960 3756 is?
978 3706 1002 3755 P
1083 3707 1131 3757 227
1153 3705 1198 3756 de-

125 3775 279 3828 funditur.P
293 3793 363 3826 corr.
378 3792 397 3840 p
520 3777 568 3827 232
587 3789 663 3838 aeger
680 3775 710 3824 in
728 3773 814 3823 litura
833 3776 918 3823 totum
935 3774 959 3824 P
1060 3774 1105 3825 sed
1123 3774 1196 3824 illum

124 3844 279 3892 Priscianus
299 3842 372 3894 GLK.
391 3844 420 3893 11
432 3860 462 3908 p.
480 3843 530 3894 409
549 3848 574 3892 et
591 3842 641 3894 427
659 3847 685 3891 et
702 3841 746 3891 Ill
758 3857 786 3905 p.
803 3839 857 3893 233
953 3843 1002 3894 235
1023 3843 1112 3895 urbem
1129 3844 1196 3906 Ppr.

208 3911 258 3961 236
276 3911 426 3977 praedarum
444 3912 511 3975 Ppr.
609 3912 658 3962 237
676 3909 768 3960 stantis
784 3925 817 3975 p:
837 3910 916 3961 tantis
933 3912 958 3962 P
1051 3912 1099 3963 233
1119 3909 1196 3960 surdo

123 3976 224 4042 Spager·
294 3980 343 4030 240
362 3979 460 4031 liburna
478 3981 510 4030 1¹:
528 3977 629 4029 liburno
645 3994 664 4043 p
