2656 4440
582 260 715 314 sartum
735 261 766 313 Vl
1175 261 1213 318 bl

138 432 254 512 tinguat
276 433 343 494 clus
365 433 477 496 siccum
500 434 596 495 muria
618 436 699 495 valer
722 434 751 494 ic
776 432 866 493 calice
890 443 997 513 empta,
1187 445 1216 495 tc

137 519 199 598 ipse
221 537 340 580 sacrum
364 520 503 579 inrorans
525 520 643 598 patinae
666 520 767 599 piper;
790 518 838 578 hic
861 517 940 578 bona
963 520 1051 580 dente

137 603 258 683 grandia
282 604 489 684 magnanimus
511 604 626 683 peragit
646 623 731 684 puer.
771 613 921 682 marego,
944 613 1019 677 utar,

138 707 192 749 nec
214 688 360 750 rhombos
382 689 447 749 ideo
471 688 583 750 libertis
604 708 719 769 ponere
742 689 848 760 lautus,

138 793 192 835 nec
213 773 316 835 tenuis
338 774 444 836 sollers
465 774 617 836 turdarum
642 792 730 835 nosse
753 773 863 834 salivas.

136 877 231 921 messe
253 868 344 920 tenus
367 858 487 938 propria
510 860 571 920 vive
594 868 622 919 et
644 860 790 938 granaria,
817 860 860 918 las
883 866 936 932 est,
1186 870 1215 920 25

137 945 241 1004 emole.
278 944 351 1022 quid
374 941 509 1005 metuas?
532 963 612 1017 occa,
636 954 665 1004 et
686 962 770 1022 seges
792 944 881 1003 altera
904 943 936 1003 in
961 943 1050 1003 herba
1075 955 1128 1005 est.

137 1037 165 1088 at
186 1038 273 1090 vocat
296 1029 437 1100 cilicium,
460 1027 544 1089 trabe
567 1039 652 1108 rupta
676 1029 788 1090 Bruttia
811 1047 879 1088 saxa

137 1113 257 1191 prendit
278 1114 391 1175 amicus
414 1115 502 1193 inops
524 1132 647 1193 remque
671 1132 789 1174 omnem
813 1114 961 1192 surdaque
985 1122 1048 1173 vcta

137 1198 270 1260 condidit
292 1198 388 1272 lonic,
410 1199 485 1259 iacet
507 1198 572 1277 ipse
595 1199 624 1258 in
649 1199 735 1260 litore
759 1208 788 1259 et
809 1217 868 1258 una

136 1285 273 1363 ingentes
296 1283 332 1345 de
355 1302 456 1364 puppe
478 1283 525 1344 dei
547 1283 773 1361 iamque'cbvia
796 1284 904 1362 mergis

136 1378 214 1430 costa
239 1369 311 1430 ratis
333 1369 463 1429 lacerae:
489 1387 570 1430 nunc
593 1380 623 1428 et
647 1369 682 1428 de
705 1370 835 1448 caespite
858 1368 921 1427 vivc

136 1454 239 1532 frange
263 1453 384 1532 aliquid,
407 1453 515 1534 largire
537 1453 629 1534 inopi,
654 1473 692 1514 ne
715 1456 812 1532 pictus
836 1453 955 1513 oberret

134 1539 269 1601 caerulea
293 1538 325 1598 in
349 1537 458 1600 tabula.
495 1539 546 1599 scd
570 1557 674 1599 cenam
698 1539 812 1599 funeris
834 1539 920 1598 heres

136 1624 273 1702 negleget
297 1624 399 1694 iratus,
423 1623 501 1702 quod
525 1641 587 1683 rem
612 1624 787 1695 curtaveris;
812 1641 905 1683 urnae

135 1727 198 1769 ossa
222 1709 348 1769 inodora
371 1708 461 1783 dabit,
484 1728 536 1770 seu
559 1709 674 1786 spirent
697 1709 832 1768 cinnama
856 1708 978 1789 surdum
1183 1720 1211 1770 35

216 1901 258 1956 20
280 1898 367 1955 muria
395 1897 493 1955 dicitur
519 1896 653 1972 liquamen
682 1897 780 1955 malum
810 1897 852 1954 vel
882 1896 1030 1970 liquaminis
1059 1896 1146 1953 laeces
1169 1899 1211 1954 vel

131 1983 204 2058 quod
226 1983 367 2058 proprium
390 1992 441 2048 est,
464 1998 533 2058 aqua
554 1984 634 2039 mixta
657 2000 718 2040 curn
739 1983 804 2040 sale.
871 1983 910 2040 22
935 1991 1003 2047 utar,
1027 1999 1077 2038 nec
1095 1982 1210 2040 maiores

131 2068 236 2126 delicias
258 2067 399 2125 clientibus
422 2067 486 2124 meis
508 2084 649 2143 apponam,
673 2085 724 2126 nec
746 2068 812 2125 adeo
835 2068 862 2123 in
884 2067 934 2124 bac
956 2084 985 2123 re
1008 2067 1117 2124 callidus
1139 2084 1208 2134 sum,

131 2163 161 2210 ut
188 2152 333 2211 turdorum
360 2169 471 2228 sapores
500 2153 657 2210 discernam.
686 2153 775 2211 solent
802 2153 872 2210 enirn
898 2153 1005 2228 qnidam
1028 2152 1105 2226 gulae
1128 2153 1209 2210 dediti

130 2247 217 2296 tantm
239 2237 394 2296 subtilitatis
415 2236 514 2294 habere
534 2238 661 2312 palatum,
686 2249 717 2296 ut
731 2249 897 2312 cognoscant
913 2239 1015 2301 turdos,
1039 2238 1061 2293 si
1076 2239 1208 2296 acinarius

128 2340 161 2379 an
190 2322 315 2381 cellarius
342 2331 391 2380 aut
411 2322 525 2379 vivarius
546 2325 596 2387 sit,
626 2325 697 2380 etsi
720 2323 853 2381 masculus
875 2324 963 2380 sitan
986 2322 1093 2378 lemica.
1138 2340 1207 2397 quos

129 2408 203 2466 velut
229 2409 325 2483 peritia
350 2409 472 2484 procacis
493 2408 571 2483 gulae
592 2408 657 2465 lacit
678 2409 705 2464 in
728 2410 776 2465 bac
797 2426 828 2465 re
850 2416 979 2465 attentos.
1067 2408 1208 2464 turdarum

127 2493 237 2551 abusive
266 2493 370 2568 posuit,
399 2511 460 2551 cum
491 2494 632 2551 turdorum
661 2494 750 2551 dicere
776 2494 906 2557 debuerit,
929 2502 961 2549 ut
982 2492 1108 2548 Horatius
1129 2494 1208 2565 ponit

126 2576 191 2654 [sot.
212 2583 238 2642 1,
256 2582 286 2651 5,
303 2572 472 2653 721‘paene
494 2596 598 2635 macros
620 2580 686 2636 arsit
707 2579 771 2635 dum
792 2579 888 2634 turdos
911 2586 999 2633 versat
1018 2577 1045 2632 in
1068 2572 1151 2649 igne'.

213 2666 253 2722 26
277 2680 372 2721 occare
395 2673 445 2730 est,
468 2681 529 2720 cum
552 2664 644 2721 rustici
666 2665 769 2721 satione
791 2661 862 2720 lacta
884 2661 972 2718 bobus
995 2661 1108 2717 dimissis
1130 2661 1205 2735 glae-

125 2748 173 2805 bas
203 2749 318 2806 caedunt
338 2765 369 2806 ac
390 2748 526 2823 ligonibus
549 2748 687 2825 frangunt.
731 2750 800 2806 dicta
823 2748 925 2805 occatio
949 2746 1024 2821 quasi
1046 2748 1205 2812 coruscatio,

126 2834 199 2908 quod
228 2833 367 2908 cooperiat
394 2834 502 2891 semina.
634 2838 673 2894 30
698 2835 803 2892 navium
830 2833 941 2891 tutelam
969 2833 1045 2896 dicit,
1076 2850 1155 2906 quam
1176 2835 1204 2890 in

124 2919 262 2994 puppibus
288 2918 389 2976 babent
415 2920 457 2977 vel
486 2919 610 2993 pingunt.
763 2923 802 2980 32
825 2937 859 2977 ne
886 2919 975 2993 pictus
1001 2918 1120 2976 oberret.
1143 2920 1205 2994 quia

125 3004 250 3062 solebant
271 3004 394 3079 uaulragi
414 3021 492 3062 casus
513 3021 578 3061 suos
600 3005 712 3079 pingere
732 3004 875 3077 intabuit»,
897 3021 1037 3079 perquam
1053 3005 1204 3062 admiseri-

124 3090 243 3147 ccrdiam
265 3100 438 3148 moverentur
459 3090 588 3147 videntes.
676 3094 715 3150 33
739 3091 817 3147 verba
840 3091 910 3147 avari
932 3090 974 3147 vel
995 3090 1204 3147 inmisericordis

123 3176 157 3232 ad
182 3175 320 3232 Persium:
349 3175 402 3232 hcc
429 3192 484 3231 ncn
507 3174 609 3241 faciam,
639 3192 674 3232 ne
695 3175 773 3232 heres
796 3193 870 3232 cneus
892 3175 956 3230 mibi
978 3175 1107 3230 irascatur
1129 3176 1202 3248 quod

122 3259 262 3334 largiendo
284 3261 457 3318 hereditatem
480 3261 639 3326 deminuam,
663 3269 709 3317 aut
732 3261 820 3317 luneri
842 3276 912 3324 mec,
935 3266 967 3314 ut
987 3258 1057 3315 solet
1079 3257 1144 3324 lieri,
1169 3276 1203 3317 ne

123 3362 217 3402 cenam
244 3346 350 3420 quidem
379 3346 524 3421 impendat.
615 3348 652 3404 35
676 3355 723 3402 aut
743 3345 872 3409 inodora,
901 3344 959 3400 sine
982 3343 1065 3400 cdcre
1088 3344 1140 3400 hcc
1162 3355 1204 3400 est

122 3432 181 3487 sine
208 3430 364 3506 unguentis,
398 3440 445 3489 aut
469 3431 615 3497 inhonora,
640 3431 665 3486 id
689 3440 730 3487 est
752 3430 845 3486 mortis
868 3429 973 3485 honore
997 3428 1122 3493 carentia,
1145 3429 1203 3486 sine

121 3514 270 3590 sepultura.

211 3681 243 3732 20
260 3679 337 3732 bolus
357 3686 381 3730 α
450 3679 625 3745 caliccePpr.
698 3680 729 3731 23
743 3677 892 3728 rcmbcsP:
913 3677 1045 3729 scombros
1065 3683 1088 3726 α
1146 3675 1202 3727 lan·

122 3747 155 3799 tis
174 3754 198 3798 α
285 3749 318 3800 24
336 3747 466 3800 turdorum
486 3755 532 3813 ap
551 3745 587 3808 cs.
606 3748 720 3811 Sergius
743 3751 770 3795 ct
787 3747 927 3811 Pompeius
951 3743 1026 3796 GLK.
1044 3743 1085 3795 IV
1103 3761 1129 3809 p.
1148 3744 1201 3796 494

121 3815 231 3881 eth.
252 3817 299 3868 161
382 3817 415 3867 26
432 3815 566 3867 Emulect
635 3815 728 3867 metuis
749 3822 772 3866 α
851 3816 881 3865 22
901 3810 1200 3864 ΑιΡοναεαιαυίᾱι

121 3881 168 3935 Ast
187 3890 234 3949 ap
321 3883 405 3936 brutia
424 3882 549 3935 Pbrucia
570 3891 593 3934 α
697 3885 730 3936 29
748 3882 817 3933 icuic
837 3889 860 3932 α
965 3883 997 3932 30
1016 3880 1161 3947 deliamqne
1179 3881 1203 3929 P

209 3952 344 4017 mergitA
413 3954 444 4004 31
463 3951 587 4003 lacarP
655 3955 688 4006 34
705 3968 758 4003 rem
777 3966 827 4002 cac.
847 3957 871 4000 α
941 3948 1104 4000 35llcssaa
1145 3948 1200 3998 inc-

123 4018 185 4072 dcra
203 4021 237 4073 1’:
256 4019 381 4071 inbcncra
402 4026 425 4070 α
529 3971 610 4084 labit]
629 4020 660 4071 da
679 4024 708 4071 in
725 4035 832 4081 rasura,
851 4019 890 4070 bit
908 4017 1110 4084 superadditum
1128 4015 1151 4067 P

956 4105 995 4155 4*
