2656 4440
124 214 185 274 100
576 217 749 272 tvvttrtttts

122 387 201 449 unde
223 388 311 447 litut
333 388 432 449 malim
455 390 631 451 fraterculus
654 408 718 452 esse
740 391 877 470 gigantis.

122 473 235 552 profuit
258 491 329 552 ergo
353 474 426 534 nihil
449 475 568 548 misero,
591 476 670 553 quod
694 477 863 538 comminus
885 497 972 541 ursos

122 557 229 636 figebat
253 557 392 620 Numidas
414 559 526 620 Albana
551 561 650 622 nudus
672 562 782 622 harena

121 653 254 703 venator.
300 645 366 722 quis
388 646 467 705 enim
490 645 547 705 iam
572 664 634 707 non
657 645 808 725 intellegat
830 657 908 709 artes

121 726 282 806 patricias?
304 729 370 807 quis
392 730 523 808 priscum
546 730 616 791 illud
639 730 766 791 miratur
787 750 925 807 acumen,

123 812 225 887 Brute,
247 811 355 874 tuum?
378 815 461 875 facile
484 826 529 876 est
552 815 675 876 barbato
697 816 845 895 inponere
868 819 942 897 regi.

124 916 180 958 neo
202 899 307 959 melior
329 900 410 960 vultu
433 900 565 979 quamvis
588 901 726 979 ignobilis
748 901 809 962 ibat

122 982 263 1057 Rubrius,
287 984 417 1046 offensae
439 986 547 1046 veteris
569 1004 638 1047 reus
661 995 748 1065 atque
770 988 922 1061 tacendae,

123 1078 153 1128 et
174 1076 273 1129 tame'n
296 1069 453 1148 inprobior
475 1080 604 1131 saturam
627 1070 776 1132 scribente
799 1073 933 1134 cinaedo.

123 1153 256 1214 Montani
280 1172 400 1233 quoque
422 1164 526 1216 venter
548 1155 630 1216 adest
651 1155 809 1218 abdomine
832 1156 944 1232 tardus,

123 1248 153 1299 et
174 1239 319 1300 matutino
341 1238 452 1301 sudans
474 1240 628 1319 Crispinus
650 1259 766 1301 amomo

123 1335 269 1401 quantum
293 1325 340 1385 vix
363 1326 500 1386 redolent
522 1325 580 1386 duo
603 1327 717 1401 lunera,
742 1328 858 1388 saevior
880 1327 929 1389 illo

123 1409 283 1489 Pompeius
305 1411 389 1470 tenui
410 1411 528 1489 iugulos
550 1411 666 1490 aperire
687 1430 821 1484 susurro,

125 1502 154 1554 et
175 1495 227 1572 qui
248 1494 417 1556 vulturibus
439 1496 573 1557 servabat
594 1496 707 1558 viscera
730 1497 815 1558 Dacis

127 1578 239 1641 Fuscus
262 1597 427 1642 marmorea
450 1580 607 1642 meditatus
631 1581 744 1659 proelia
766 1581 843 1654 villa,

124 1672 154 1724 et
176 1682 245 1725 cum
269 1665 423 1726 mortifero
445 1665 578 1745 prudens
600 1665 724 1727 Veiento
748 1665 871 1739 Catullo,

124 1749 176 1826 qui
199 1768 361 1828 numquam
383 1751 461 1812 visae
483 1751 626 1831 flagrabat
647 1769 748 1812 amore
772 1752 896 1832 puellae,

124 1836 236 1913 grande
252 1845 283 1896 et
297 1836 494 1916 conspicuum
509 1846 614 1898 nostro
630 1855 750 1916 quoque
765 1847 901 1916 ternpore
915 1842 1093 1906 monstrum,
1157 1842 1201 1893 tta

124 1938 230 1982 caecus
252 1919 386 1982 adulator
408 1921 549 2001 dirusque
572 1940 587 1982 a
611 1931 702 2001 ponte
725 1923 850 1994 satelles,

124 2005 231 2083 dignus
252 2004 390 2067 Aricinos
413 2007 464 2084 qui
486 2006 669 2068 mendicaret
691 2007 727 2068 ad
750 2025 819 2069 ares

211 2179 250 2237 98
274 2178 300 2234 id
323 2186 365 2235 est
385 2176 521 2253 ignobilis.
611 2183 669 2238 100
693 2187 720 2237 et
740 2180 791 2236 iste
805 2179 910 2236 iuvenis
923 2177 951 2233 in
965 2176 1069 2234 lusorio
1085 2174 1204 2232 Caesaris

126 2279 205 2320 ursos
226 2280 307 2337 saepe
328 2264 404 2337 quasi
425 2272 537 2320 venator
558 2265 666 2322 occidit.
756 2268 814 2324 103
831 2261 975 2337 Tarquinio
991 2260 1119 2337 superbo.
1134 2277 1203 2334 pro-

125 2365 221 2422 peram
243 2349 314 2406 enim
335 2347 445 2405 barbam
467 2348 569 2414 babuit,
592 2367 654 2407 cunr
676 2366 754 2406 socer
775 2350 833 2407 eius
855 2347 963 2405 Servius
979 2346 1081 2404 Tullius
1104 2346 1204 2403 adton-

126 2451 182 2489 sam
209 2433 336 2499 baberet,
367 2452 447 2508 quern
475 2435 534 2510 ipse
562 2435 668 2492 occidit.
697 2435 760 2492 dicit
787 2451 853 2508 ergo
882 2432 1021 2491 cinaedum
1049 2448 1105 2488 non
1127 2431 1205 2488 facile

125 2535 206 2592 posse
229 2518 294 2577 lalli.
384 2524 442 2579 105
465 2522 516 2576 iste
538 2520 656 2577 Rubrius
678 2519 822 2594 aliquando
842 2519 1020 2575 Domitianum
1042 2516 1070 2572 in
1091 2517 1206 2591 pueritia

126 2615 300 2678 corruperat,
331 2613 359 2662 et
380 2605 522 2662 verebatur
543 2622 578 2661 ne
599 2622 650 2680 pro
672 2605 723 2662 bac
744 2605 867 2662 mercede
887 2620 990 2679 poenas
1011 2602 1045 2659 ab
1070 2603 1129 2676 ipso
1158 2619 1205 2658 re·

125 2699 260 2763 posceret.
394 2693 450 2749 107
482 2707 544 2745 narn
566 2691 709 2747 Montanus
737 2691 847 2764 pinguis
875 2698 902 2746 et
922 2697 1066 2746 ventrosus
1089 2698 1155 2744 erat.
1179 2696 1207 2743 et

127 2771 224 2830 acerbe
244 2781 367 2828 ventrem
388 2774 480 2846 potius
502 2790 582 2846 qnam
603 2775 692 2847 ipsum
714 2775 806 2831 venire
828 2775 901 2832 dixit.
1005 2777 1062 2832 110
1087 2773 1133 2846 qui
1154 2771 1205 2828 levi

126 2872 239 2912 susurro
268 2865 376 2929 poterat
402 2855 469 2911 alios
498 2856 622 2913 deferens
650 2858 685 2914 ad
712 2874 805 2915 necem
834 2859 950 2915 tradere.
979 2866 1027 2914 aut
1053 2875 1103 2930 per
1132 2857 1205 2913 leves

126 2939 293 3012 suspiciones
314 2937 411 2995 solitus
432 2941 466 2996 sit
487 2940 609 2996 homines
630 2942 761 3015 iugulare.
871 2943 931 3000 112
953 2941 1056 2997 rascas
1077 2940 1128 2996 sub
1151 2941 1205 2996 llo-

126 3025 235 3080 mitiano
258 3024 387 3082 exercitui
408 3024 577 3099 praepositus
598 3025 625 3081 in
641 3028 718 3083 Dacia
738 3027 826 3101 periit.
849 3035 926 3082 notat
945 3034 1033 3082 autem
1049 3042 1119 3091 eum,
1143 3025 1204 3098 quia

128 3127 189 3166 curn
200 3109 305 3166 luxuria
317 3108 462 3176 difflueret,
475 3111 544 3166 inter
556 3109 663 3167 delicias
674 3110 808 3168 bellorum
819 3120 895 3167 actus
906 3109 1057 3167 exercebat.
1122 3127 1205 3182 prae-

127 3195 178 3252 mia
201 3194 272 3251 villa.
294 3195 323 3251 in
344 3211 393 3251 sua
415 3195 484 3252 villa.
508 3194 594 3269 qualis
616 3195 660 3252 ille
681 3195 805 3261 bellator,
829 3196 875 3270 qui
890 3195 916 3250 in
932 3195 982 3252 bae
995 3193 1100 3251 luxuria
1114 3193 1205 3250 bello-

127 3297 188 3336 rum
216 3279 296 3338 lortia
325 3278 514 3338 meditabatur.
605 3284 663 3340 113
692 3290 785 3338 utrum
812 3280 845 3335 ad
874 3281 1026 3337 nocendum
1048 3296 1082 3336 an
1104 3278 1136 3334 ab
1158 3297 1204 3335 sa·

127 3366 224 3439 pientia
248 3365 375 3440 rigidiore
396 3383 430 3422 an
451 3364 576 3422 adulandi
597 3366 700 3440 peritus
722 3375 750 3423 et
772 3363 945 3441 temporum?
1034 3366 1094 3424 114
1110 3381 1205 3422 caecus

127 3468 188 3506 nam
209 3461 312 3507 amator
333 3450 385 3507 luit
400 3449 530 3508 Catullus.
620 3454 678 3509 117
702 3452 749 3526 qui
770 3451 803 3507 ad
826 3460 931 3525 portam
947 3450 1080 3508 Aricinam
1101 3451 1157 3507 sive
1172 3450 1206 3507 ad

127 3534 223 3592 clivum
244 3536 409 3594 mendicaret
428 3537 499 3593 inter
520 3536 633 3593 ludaeos
655 3537 702 3611 qui
723 3537 756 3593 ad
772 3535 886 3593 Ariciam
907 3537 1069 3594 transierant
1089 3553 1121 3593 ex
1137 3534 1205 3593 urbe

126 3621 209 3678 missi.

213 3770 245 3822 98
265 3767 397 3835 gigantum
415 3770 435 3831 ς
453 3768 609 3819 Priscianus
627 3784 656 3834 p.
674 3767 724 3822 101
857 3770 890 3822 911
908 3767 1016 3821 miseros
1034 3770 1101 3836 Ppr.

216 3837 265 3889 112
284 3835 378 3903 praelia
398 3852 433 3886 ee.-
450 3837 562 3901 praemia
580 3838 605 3887 P
681 3839 730 3890 113
749 3836 863 3889 uellento
881 3837 913 3888 id
929 3842 969 3888 est
986 3836 1105 3890 Veliento
1123 3838 1147 3886 Ρ
1161 3852 1205 3887 ne-

128 3903 198 3955 iento
212 3919 246 3970 p:
264 3907 328 3955 item
348 3906 396 3956 123
415 3903 529 3956 uellento
546 3906 570 3955 Ρ
584 3905 689 3956 uelento
704 3921 723 3971 p
743 3922 821 3957 erasa
840 3905 847 3956 l
865 3908 967 3972 priore,
981 3910 1132 3972 posteriore
1149 3921 1205 3956 non

127 3977 230 4023 mutatu
302 3974 351 4026 116
369 3970 462 4038 dignus
480 3973 524 4041 qui
542 3988 556 4023 a
575 3978 655 4040 ponte
673 3975 807 4041 Hauptiur
