2656 4440
443 246 537 299 LIBER
554 247 562 298 l
599 246 733 300 SATVRA
749 246 784 299 tv
1111 249 1150 308 97

80 419 188 481 desidia
210 419 317 480 tardos
335 428 365 479 et
386 419 476 497 longo
499 420 609 498 frigore
631 420 766 500 pingues.

79 505 205 566 destinat
225 505 284 565 hoc
306 515 473 565 monstrum
496 505 620 565 cumbae
642 505 756 584 linique
778 507 917 585 magister
1124 518 1153 568 to

78 589 210 670 pontifici
233 608 358 651 summo.
404 590 470 668 quis
491 589 569 650 euim
593 608 764 669 proponere
786 593 874 652 talem

80 684 128 735 aut
149 693 249 736 emere
272 674 403 747 auderet,
427 692 496 735 cum
518 675 607 755 plena
629 684 658 736 et
678 676 764 737 litora
786 677 881 738 multo

80 759 210 821 delatore
233 757 355 821 forent?
378 759 504 840 dispersi
525 761 664 839 protinus
686 760 768 840 algae

78 845 269 924 inquisitores
291 854 415 924 agerent
435 864 504 907 eum
525 845 638 924 remige
660 845 742 907 nudo

79 949 140 990 uon
163 930 323 991 dubitaturi
345 931 499 1010 fugitivum
523 930 621 992 dicere
643 931 754 1010 piscem

79 1016 292 1095 depastumque
315 1015 364 1078 diu
387 1016 493 1077 vivaria
515 1015 655 1090 Caesaris,
681 1015 751 1077 iude

79 1101 211 1181 elapsum
234 1111 364 1162 veterem
386 1101 423 1162 ad
445 1101 597 1162 dominum
620 1100 730 1162 debere
751 1102 869 1162 reverti.

78 1187 104 1248 si
126 1187 198 1265 quid
219 1185 358 1258 Palfurio,
381 1186 407 1247 si
429 1186 577 1248 credimus
600 1186 762 1260 Armillato,

80 1272 224 1351 quidquid
246 1271 440 1351 conspicuum
464 1272 683 1352 pulchrumque
706 1282 752 1332 est
773 1290 903 1350 aequore
925 1279 1000 1345 toto,

80 1375 128 1418 res
151 1357 213 1419 fisci
237 1366 291 1433 est,
314 1357 496 1435 ubicumque
519 1366 609 1418 natat.
654 1357 813 1418 donabitur
835 1375 918 1436 ergo,
1124 1364 1155 1414 tt

79 1461 118 1502 ne
140 1451 251 1522 pereat.
296 1443 353 1503 iam
376 1443 492 1503 letifero
516 1443 640 1504 cedente
662 1441 779 1521 pruinis

79 1537 233 1603 autumno,
255 1527 314 1588 iam
335 1537 508 1606 quartanam
532 1528 723 1606 sperantibus
744 1527 840 1605 aegris

78 1613 221 1674 stridebat
242 1611 383 1675 deformis
404 1614 499 1674 biems
521 1613 722 1691 praedamque
745 1620 897 1673 recentem

79 1698 223 1759 servabat.
267 1707 366 1758 tamen
389 1698 438 1759 bie
460 1708 610 1778 properat,
634 1699 712 1758 velut
734 1706 859 1777 urgueat
881 1705 990 1757 auster.

80 1792 174 1862 utque
196 1784 278 1844 lacus
299 1783 452 1856 suberant,
474 1784 527 1844 ubi
548 1801 727 1862 quamquam
750 1783 846 1844 diruta
869 1790 965 1844 serrat
1124 1789 1154 1840 60

80 1867 179 1946 ignem
203 1867 364 1929 Troianum
388 1877 418 1929 et
440 1868 557 1930 Vestam
580 1868 650 1929 colit
672 1868 745 1928 blba
769 1869 925 1942 minorem,

80 1953 194 2015 obstitit
217 1953 340 2014 intranti
362 1953 494 2014 miratrix
516 1953 603 2014 turba
626 1972 797 2033 parumper.

166 2161 206 2218 46
230 2176 262 2216 ex
283 2158 367 2215 ironia
389 2176 505 2216 summo.
592 2163 630 2219 47
656 2169 683 2217 et
704 2177 754 2236 per
774 2160 865 2217 littora
887 2166 915 2216 et
929 2175 978 2233 per
993 2175 1072 2216 omne
1086 2174 1160 2215 mare

81 2245 213 2302 delatores
235 2243 360 2310 luerunt,
383 2261 440 2300 non
462 2244 551 2301 solum
573 2262 622 2319 per
644 2245 730 2302 loros.
819 2248 857 2303 50
881 2244 933 2300 hoe
955 2244 1089 2306 dicerent,
1113 2245 1159 2299 in-

81 2330 147 2403 quit,
170 2329 376 2386 calumniatores
397 2329 438 2387 vel
462 2329 609 2387 delatores:
631 2330 675 2388 bie
696 2331 756 2387 talis
778 2329 858 2404 piscis
879 2329 912 2385 de
926 2328 1025 2385 vivario
1041 2328 1159 2385 Caesaris

81 2413 188 2488 elapsus
210 2424 266 2480 est,
290 2424 319 2472 et
339 2415 402 2488 quia
423 2416 459 2472 ibi
481 2426 574 2490 pastus
597 2424 652 2480 est,
676 2417 771 2473 eodem
793 2414 873 2471 debet
893 2414 1000 2470 reverti.
1118 2417 1157 2472 53

80 2500 215 2556 Palfurius
237 2500 314 2563 Sura.
338 2499 486 2557 consularis
507 2500 588 2567 filius,
615 2499 666 2557 sub
688 2500 796 2557 Nerone
817 2499 935 2555 luctatus
957 2507 999 2555 est
1020 2514 1081 2554 oum
1104 2497 1161 2552 vir-

81 2585 142 2659 gine
162 2586 371 2642 bacedaemouia
393 2586 420 2641 in
442 2603 539 2661 agone.
561 2595 625 2662 post
646 2586 709 2642 inde
731 2601 746 2641 a
768 2583 930 2658 Vespasiano
953 2591 1048 2640 senatu
1069 2590 1159 2638 motus

82 2671 203 2727 transivit
231 2671 263 2728 ad
286 2670 395 2728 stoicam
417 2680 533 2743 sectam,
563 2673 589 2727 in
614 2688 666 2746 qua
688 2687 749 2728 oum
771 2668 938 2744 praevaleret
959 2677 986 2725 et
1007 2666 1160 2740 eloquentia

82 2765 109 2812 et
137 2757 202 2812 artis
232 2756 353 2829 poeticae
381 2755 480 2831 gloria,
508 2756 609 2813 abusus
631 2756 808 2812 familiaritate
830 2752 970 2809 Domitiani
991 2750 1161 2809 acerbissime

82 2851 172 2916 partes
195 2840 333 2897 deletionis
356 2843 484 2898 exercuit.
507 2856 562 2914 quo
591 2840 734 2897 interiecto
760 2846 855 2896 senatu
881 2847 1023 2895 accusante
1049 2838 1161 2894 damna-

82 2935 135 2991 tus,
155 2942 216 2983 oum
227 2925 322 2982 luisset
333 2926 403 2982 iuter
421 2926 553 2982 delatores
639 2935 765 3000 potentes
781 2924 851 2998 apud
863 2924 1041 2980 Domitianum
1052 2923 1088 2988 bi,
1106 2926 1160 2979 br·

83 3009 208 3076 millatus,
230 3010 424 3068 Demosthenes
447 3020 474 3068 et
495 3011 605 3068 Latinus
627 3011 805 3075 archimimus,
829 3008 899 3066 sieut
921 3010 1018 3066 blarius
1032 3008 1161 3065 hlasimus

83 3094 185 3152 scribit.
285 3098 324 3154 56
348 3113 381 3152 ne
404 3106 504 3170 pereat.
528 3097 602 3170 quod
625 3096 732 3153 distrahi
756 3112 811 3150 non
833 3102 934 3168 potest.
1026 3093 1163 3167 corrumpi

83 3181 116 3237 ab
138 3191 214 3238 aestu
236 3197 291 3236 non
310 3190 436 3280 poterat,
466 3182 527 3255 quia
551 3190 680 3238 autumno
703 3181 856 3238 discedente
877 3179 963 3236 biems
985 3178 1065 3234 venit.
1090 3179 1162 3252 Virg.

84 3266 121 3340 [g.
145 3270 180 3329 4,
215 3263 284 3339 135]
325 3275 352 3322 et
380 3282 440 3322 cum
469 3267 553 3323 tristis
574 3254 680 3324 hiems'.
789 3269 826 3325 57
851 3281 900 3339 per
922 3273 1080 3321 autumnum
1102 3280 1163 3319 nam

83 3350 196 3424 vigilant
224 3350 321 3407 morbi.
431 3353 470 3410 60
499 3351 526 3408 id
554 3360 596 3408 est
624 3368 684 3408 cum
714 3368 800 3425 prope
828 3349 902 3406 lacus
925 3349 1163 3421 Albanensesiam

85 3436 201 3493 venisset
227 3436 354 3511 piscator.
486 3438 522 3494 61
549 3437 660 3493 Romani
688 3454 749 3493 cunr
771 3436 850 3493 'lullo
874 3434 987 3491 llostilio
1016 3451 1081 3508 rege
1102 3450 1164 3490 cum

85 3520 230 3578 diruissent
244 3519 348 3593 Albam,
370 3538 444 3578 sacra
466 3520 571 3578 sublata
592 3523 704 3578 Romam
726 3521 922 3578 transtulerunt
943 3530 970 3578 et
992 3520 1057 3576 deos
1078 3535 1164 3594 pena·

86 3614 136 3662 tes.
159 3621 276 3680 quorum
298 3606 435 3681 penetrale
457 3616 511 3663 tam
532 3607 685 3664 venerabile
707 3606 902 3680 deprehensum
919 3616 969 3671 est,
993 3616 1024 3663 ut
1038 3604 1163 3680 lapidatio

86 3691 120 3747 de
141 3691 215 3748 eaelo
238 3691 346 3748 caderet
367 3709 447 3765 supra
469 3692 609 3750 memorati
630 3692 767 3765 ponderis.
789 3701 901 3767 propter
923 3692 995 3766 quod
1011 3690 1164 3768 prodigium

173 3874 206 3924 45
224 3869 330 3923 Desinat
348 3874 376 3937 P,
394 3872 416 3924 si
434 3877 464 3923 in
483 3873 576 3939 litura,
593 3875 804 3938 superscriptum
823 3873 974 3926 transmittit
1043 3876 1075 3925 tr
1089 3873 1165 3924 litore

89 3939 156 4004 Ppr.
226 3942 257 3992 bl
277 3938 429 4008 Despastum
443 3943 508 4002 Ppr.
585 3943 617 3994 53
635 3941 768 4008 pelluriosi
781 3943 812 3992 P:
831 3958 843 3993 r
860 3957 895 3992 ece
912 3942 921 3992 l
939 3940 1050 4003 feritet
1067 3942 1089 3993 si
1108 3957 1166 3992 era·

89 4007 156 4074 titp
227 4010 259 4060 59
278 4010 410 4062 uelutw:
429 4011 471 4062 uel
489 4010 514 4060 P

153 4106 195 4151 st.
210 4107 244 4150 111
945 4097 959 4146 'l
