2656 4440
498 224 621 278 LIBERI
657 227 789 280 slTvttA
806 228 837 280 lll

134 397 178 474 qui
200 396 352 475 sequitur;
376 397 445 458 lerit
465 398 515 460 hic
538 400 649 474 cubito,
671 400 741 460 ferit
762 420 859 461 assere
883 402 957 462 duro

134 481 209 556 alter,
233 493 264 543 at
287 483 336 544 hic
357 483 475 561 tignum
498 485 586 563 capiti
609 485 724 557 incutit,
748 486 796 545 ille
821 497 985 547 metretam.

132 566 250 647 pinguia
274 585 363 629 crura
385 569 457 642 luto,
480 569 580 648 planta
604 590 673 631 mox
696 571 828 649 undique
850 590 957 650 magna

132 653 236 727 calcor,
260 653 344 713 etin
367 655 458 732 digito
481 655 580 717 clavus
603 656 674 716 mibi
696 656 795 716 militis
817 658 929 719 haeret.

131 757 231 799 nonne
252 738 335 799 vides
358 750 470 818 quanto
493 741 659 802 celebretur
681 741 814 820 sportula
837 739 941 802 lumo‘l

131 835 250 886 eentum
275 825 422 898 convivae,
445 825 580 904 sequitur
602 845 655 888 sua
679 845 827 905 quemque
850 826 957 887 culina.

131 907 259 969 Corbulo
282 909 330 969 vix
353 911 444 971 lerret
465 919 511 972 tot
531 930 598 972 vasa
620 911 762 991 ingentia,
786 921 830 972 tot
852 931 899 972 res

130 993 273 1072 inpositas
295 995 393 1074 capiti,
416 1014 490 1073 quas
512 1008 593 1058 recto
616 998 725 1058 vertice
748 1007 847 1076 portat

129 1079 262 1140 servulus
283 1079 386 1141 infelix
410 1090 440 1141 et
460 1100 550 1143 cursu
571 1083 694 1142 ventilat
715 1083 824 1162 ignem.

128 1164 306 1225 scinduntur
328 1166 447 1227 tunicae
469 1176 564 1228 sartae
586 1168 685 1239 modo,
708 1169 797 1246 longa
820 1178 956 1228 coruscat

128 1266 246 1309 serraco
269 1250 407 1311 veniente
430 1252 519 1326 abies,
542 1263 630 1331 atque
653 1254 744 1314 altera
767 1254 872 1332 pinum

129 1335 262 1414 plaustra
283 1336 403 1410 vehunt,
427 1346 535 1398 nutant
556 1338 613 1399 alte
637 1339 807 1418 populoque
830 1338 991 1400 minantur.

129 1438 198 1480 nam
221 1420 246 1481 si
268 1421 429 1498 procubuit
451 1422 501 1500 qui
524 1442 591 1483 saxa
614 1423 762 1501 Ligustica
786 1434 885 1503 portat

131 1505 192 1566 axis
216 1515 246 1567 et
268 1524 403 1567 eversum
425 1507 501 1568 fudit
522 1527 613 1587 super
636 1510 752 1587 agmina
776 1519 917 1583 montem,

129 1590 198 1669 quid
222 1602 361 1668 superest
382 1593 418 1653 de
441 1592 641 1672 corporibus?
664 1596 730 1673 quis
752 1595 896 1669 membra,
920 1595 985 1673 quis
1008 1614 1074 1657 ossa

128 1673 263 1736 invonit?
287 1676 428 1738 obtritum
450 1679 530 1758 vulgi
553 1680 631 1758 perit
653 1698 741 1740 omne
763 1681 886 1741 cadaver

128 1780 211 1821 more
234 1761 358 1822 animae.
403 1765 509 1825 domus
530 1765 643 1825 interea
666 1784 769 1826 secura
793 1766 913 1844 patellas

128 1846 185 1906 iam
209 1846 285 1906 lavat
306 1856 336 1908 et
357 1848 451 1909 bucca
473 1850 605 1911 loculum
630 1851 737 1911 excitat
759 1861 789 1910 et
809 1861 897 1911 sonat
919 1851 1017 1910 unctis

127 1931 280 2008 striglibus
303 1943 332 1993 et
353 1934 443 2012 pleno
467 1936 621 2014 componit
643 1936 732 1996 lintea
755 1945 837 2014 guto.

127 2016 199 2077 haec
221 2017 302 2077 inter
322 2037 433 2097 pueros
454 2021 534 2081 varie
555 2032 766 2100 properantur,
790 2032 819 2080 at
841 2021 889 2081 ille

128 2101 184 2161 iam
207 2103 291 2163 sedet
312 2103 343 2163 in
366 2104 432 2184 ripa
453 2115 641 2185 taetrumque
665 2107 798 2167 novicius
821 2107 923 2166 horret

126 2187 282 2264 porthmea
304 2206 361 2250 nec
384 2200 484 2269 sperat
506 2192 625 2252 caenosi
647 2192 772 2269 gurgitis
795 2192 896 2253 alnum

126 2271 230 2332 inlelix
252 2291 308 2334 neo
330 2275 420 2336 habet
441 2294 529 2354 quem
552 2277 686 2355 porrigat
709 2296 759 2337 ore
782 2277 931 2336 trientem.

211 2472 272 2528 245
295 2471 374 2528 amite
395 2471 514 2529 lecticae.
541 2473 689 2530 lecticarios
712 2472 851 2545 significat.
976 2473 1036 2529 246
1059 2488 1105 2526 vas
1128 2472 1203 2543 quod

125 2554 281 2628 amphoram
303 2557 383 2630 capit.
524 2560 584 2616 249
609 2567 706 2632 quante
722 2558 860 2614 inundatio
883 2558 929 2613 liet
955 2556 1103 2630 sportulam
1129 2556 1202 2612 acci-

123 2639 264 2712 pientium.
394 2641 479 2699 lumo.
505 2653 605 2716 quanta
635 2643 817 2717 apparatione.
933 2639 1202 2713 2511611111.ρυί-

124 2726 254 2781 mentaria
274 2736 386 2800 portant
406 2744 498 2785 secum
521 2738 665 2803 conparata
694 2746 725 2784 ex
747 2728 878 2801 sportula.
1009 2727 1066 2783 251
1093 2724 1135 2781 alii
1158 2725 1202 2781 dl-

125 2819 189 2866 1111
211 2811 336 2868 athletam
357 2811 427 2868 illius
448 2815 576 2887 temporis
602 2813 699 2871 fortem
727 2812 909 2869 Corbulonem
931 2813 1026 2878 luisse,
1051 2811 1094 2867 alii
1116 2828 1201 2884 genus

123 2895 205 2950 11116.
337 2897 397 2956 255
421 2899 540 2955 vehicula
569 2916 630 2955 nam
659 2899 781 2956 materias
807 2898 942 2972 portantia
969 2898 1094 2955 euntibus
1122 2897 1202 2970 iupe-

124 2979 210 3036 diunt.
348 2983 408 3041 257
433 3001 531 3040 nomen
552 2984 665 3042 insulae.
797 2985 857 3041 260
881 2984 1031 3040 minutatim
1054 2984 1200 3040 concisum.

209 3067 268 3123 261
294 3067 366 3124 sicut
388 3071 489 3126 animae
512 3086 567 3125 nou
590 3070 723 3135 videntur,
747 3069 783 3125 ita
805 3071 917 3125 cadaver
940 3069 1083 3126 obteritur.

209 3153 270 3210 263
294 3153 359 3210 haec
380 3164 524 3228 apparatur
544 3155 577 3211 ad
601 3155 694 3211 balnea
720 3156 807 3219 lerre,
832 3155 854 3209 si
881 3154 992 3217 venerit,
1016 3171 1096 3227 quem
1119 3153 1203 3208 nescit

122 3245 302 3310 peremptum.
431 3250 497 3311 guto
520 3249 609 3296 autem
638 3240 655 3295 i.
685 3240 745 3296 oleo
778 3240 811 3294 ab
838 3256 870 3294 eo
896 3239 957 3312 quia
983 3248 1084 3311 guttam
1110 3236 1201 3292 mittit.

123 3338 192 3395 quos
215 3322 314 3379 habent
335 3326 454 3397 capsarii.
553 3324 664 3399 strigula
687 3335 776 3380 antem
799 3333 839 3379 est
862 3324 936 3396 quod
957 3334 1075 3396 lystram
1098 3322 1200 3386 dicunt,

122 3407 195 3463 unde
217 3407 306 3464 oleum
329 3409 468 3466 deteritur.
571 3411 631 3468 265
655 3410 680 3465 ht
703 3419 753 3472 est,
778 3408 824 3481 qui
846 3409 989 3464 defunctus
1012 3418 1061 3471 est,
1085 3424 1147 3463 mox
1168 3407 1201 3461 ad

121 3490 223 3548 inferos
249 3494 380 3567 pervenit.
402 3505 434 3551 ut
456 3495 580 3568 Virgilius
603 3495 683 3569 [Aeo.
707 3498 742 3558 6,
767 3492 839 3567 450]
860 3482 944 3549 ‘inter
966 3510 1033 3567 quas
1054 3493 1201 3549 Phoenissa

121 3593 216 3633 recens
238 3595 253 3634 a
278 3578 387 3636 vulnere
410 3567 493 3636 [lido’.
602 3583 662 3639 266
688 3581 835 3635 Charonem
857 3578 1029 3651 porthmeum
1051 3578 1122 3650 dicit,
1145 3595 1201 3633 non

120 3672 266 3735 angustum
288 3665 437 3721 traiectum.
519 3667 577 3723 267
604 3683 753 3736 nummum,
775 3664 880 3737 stipem.
897 3674 925 3719 et
940 3680 1013 3720 nune
1027 3665 1098 3738 apud
1114 3663 1201 3718 Athe-

206 3855 255 3904 246
273 3853 373 3918 lignum
389 3871 407 3921 p
511 3856 560 3906 259
579 3854 658 3921 dep:
681 3870 695 3905 6
712 3857 735 3905 Ρ
839 3857 887 3906 262
908 3869 989 3905 uncus
1008 3859 1056 3904 out
1074 3853 1148 3905 undis
1167 3855 1199 3904 l’:

119 3919 189 3971 untia
205 3936 223 3985 p
242 3936 321 3971 crosa
340 3936 354 3972 6
423 3923 472 3974 263
490 3923 630 3974 strioilibus
649 3924 671 3972 P
686 3923 785 3988 strigil-
800 3939 821 3988 p
893 3924 943 3974 265
957 3928 1117 3990 teatrumque
1130 3925 1200 3988 Ppr.

207 3990 256 4041 266
277 3988 411 4041 Portamea
430 3991 458 4056 Ρ,
476 3993 595 4056 priorem
614 4006 628 4042 a
647 3991 752 4041 adraott
769 4007 786 4057 p
