2656 4440
438 250 530 303 LIBER
549 251 559 303 l
594 250 727 304 SATVRA
743 251 778 303 IV

76 422 170 502 iugera
193 433 269 501 quot
290 423 385 484 vicina
409 425 483 496 foro,
507 442 579 502 quas
602 425 707 485 emerit
730 423 839 485 aedes?

75 527 157 568 nemo
180 509 276 569 malus
298 509 377 580 felix,
401 509 521 569 minime
544 517 702 588 corruptor
725 518 754 570 et
776 510 852 571 idem

74 593 210 666 13333133,
234 612 301 654 cum
324 612 384 672 333
408 612 505 673 nuper
527 594 626 654 vittata
650 594 762 654 iacebat

73 679 215 757 sanguiue
238 680 333 740 adhue
354 679 418 739 vivo
440 688 549 739 terram
571 678 703 740 subitura
727 679 873 740 sacerdos,

72 764 120 824 sed
143 783 227 826 nunc
249 765 285 825 de
307 765 392 825 laetis
414 765 583 826 levioribus.
628 763 664 824 et'
679 772 777 825 133333
801 765 876 825 alter

72 849 94 909 si
117 850 237 911 fecisset
258 850 346 923 idem,
370 850 488 910 caderet
510 850 566 911 sub
589 849 685 910 iudice
709 867 842 923 morum3

72 952 137 994 nam
161 936 241 1014 quod
263 944 350 1015 turpe
373 935 461 996 bonis
483 935 561 996 Titio
585 934 724 1013 Seioque.
747 935 871 995 decebat

72 1018 251 1100 Crispinum.
295 1020 365 1099 quid
388 1039 467 1100 agas,
491 1039 558 1080 cum
582 1020 644 1080 dira
668 1028 697 1080 et
719 1020 835 1081 foedior
857 1021 937 1080 omni

71 1105 197 1166 crimine
218 1123 346 1185 persona
369 1104 435 1166 est?
457 1105 582 1166 mullum
604 1124 654 1166 ser
678 1105 796 1166 milibus
819 1106 898 1178 emit,

69 1200 245 1270 aequantem
268 1209 340 1252 sane
362 1191 484 1270 paribus
507 1191 640 1252 sestertia
663 1190 755 1263 libris,

68 1285 102 1335 ut
122 1275 283 1356 perhibent
305 1276 355 1354 331
379 1276 414 1336 de
436 1277 551 1354 magnis
573 1276 683 1336 maiora
707 1276 880 1352 loquuntur.

70 1361 227 1422 consilium
249 1362 336 1421 laudo
359 1360 489 1434 artificis,
512 1361 535 1421 si
559 1379 684 1422 munere
706 1369 789 1420 tanto

68 1447 260 1526 praecipuam
281 1447 312 1507 in
336 1445 444 1506 tabulis
467 1464 565 1506 ceram
588 1447 669 1507 33313
691 1445 812 1506 abstulit
835 1444 916 1521 orbi;

69 1541 110 1592 331
134 1532 209 1592 33113
231 1532 365 1602 ulterior,
387 1548 512 1610 magnae
534 1531 559 1591 si
582 1532 661 1592 misit
682 1531 803 1602 amicae,

68 1635 144 1697 quae
166 1618 284 1678 vehitur
306 1616 389 1678 cluso
412 1617 478 1677 latis
501 1617 704 1694 specularibus
727 1624 823 1675 antro.

68 1703 111 1764 nil
132 1703 190 1763 tale
213 1711 365 1782 expectes:
391 1702 462 1762 emit
484 1701 549 1763 sibi.
594 1703 683 1762 multa
706 1701 839 1761 videmus

68 1806 145 1867 quae
166 1788 258 1848 miser
281 1797 309 1848 31
331 1788 408 1866 frugi
433 1806 494 1847 non
519 1787 589 1846 fecit
611 1787 740 1867 Apicius.
786 1787 842 1846 boc
865 1794 897 1844 tu

67 1873 239 1934 succinctus
260 1873 354 1951 patria
377 1873 538 1950 quondam,
562 1871 706 1952 Crispino,
729 1867 865 1950 papyro?

67 1959 124 2020 boc
147 1958 243 2038 pretio
266 1954 428 2036 squamae?
471 1957 569 2036 potuit
590 1950 862 2018 fortasse'minoris

66 2045 197 2122 piscator
219 2061 305 2123 quam
329 2043 419 2122 piscis
442 2043 516 2118 emi;
540 2043 692 2120 provincia
714 2042 789 2103 tanti

67 2128 168 2190 vendit
191 2146 287 2208 agros,
310 2129 361 2189 sed
385 2129 510 2188 maiores
531 2128 637 2206 Apulia
659 2127 769 2190 vendit.

153 2272 169 2324 7
193 2268 289 2324 hortos
311 2275 358 2323 331
379 2269 462 2341 spatia
485 2266 548 2323 dicit
569 2266 597 2322 in
619 2265 760 2322 suburbio.
863 2269 880 2324 9
904 2265 969 2321 haec
999 2263 1146 2336 virginibus

65 2352 162 2410 Vestae
183 2369 274 2426 poena
295 2351 382 2409 luerat
406 2353 522 2416 decreta,
547 2361 579 2408 ut
601 2352 623 2407 si
646 2352 750 2409 vitiatae
772 2350 895 2415 luissent,
917 2351 991 2406 vivae
1012 2350 1040 2404 in
1055 2348 1147 2422 parie-

64 2437 136 2494 tibus
159 2437 336 2494 struebantur
358 2446 405 2494 aut
426 2436 477 2493 sub
501 2444 572 2493 terra
595 2435 789 2493 obruebantur.
894 2438 927 2492 11
954 2450 1008 2490 333
1032 2433 1146 2489 333131-

66 2523 148 2588 ciens,
173 2539 242 2596 quae
262 2523 291 2578 in
314 2539 374 2578 eum
397 2522 549 2595 turpissima
571 2530 645 2578 3331.
741 2523 778 2579 16
801 2538 848 2576 sex
870 2519 1009 2575 librarum.
1107 2521 1142 2575 17

66 2608 159 2664 divites
181 2607 329 2682 gluttones.
441 2609 477 2666 18
500 2608 554 2664 hoc
575 2614 734 2684 argumento
756 2605 883 2662 utebatur
904 2605 938 2660 ad
961 2603 1086 2666 caelibes,
1115 2611 1147 2658 31

64 2691 221 2750 muneribus
248 2710 295 2750 333
316 2692 468 2749 lautissimis
490 2707 668 2765 corrumpens
690 2692 865 2748 hereditatem
887 2690 994 2746 illorum
1016 2696 1144 2762 captaret.

155 2781 192 2837 19
215 2777 328 2852 primam
350 2777 378 2832 in
400 2795 452 2851 qua
475 2778 587 2834 heredes
610 2776 687 2850 primi
709 2776 876 2833 scribuntur.
992 2775 1031 2831 20
1055 2781 1145 2830 estet

66 2864 116 2919 3113
138 2864 222 2929 33113,
254 2879 324 2937 3333
346 2879 405 2918 eum
429 2872 540 2937 cogeret
561 2863 689 2935 grandem
712 2864 812 2935 piscem
834 2878 938 2924 emere,
961 2871 992 2916 ut
1014 2876 1063 2933 per
1084 2875 1144 2915 eum

65 2957 215 3006 matronam
238 2956 403 3022 corrumpat.
491 2950 528 3006 21
553 2948 675 3005 lecticam
697 2948 815 3005 mulieris
836 2956 883 3004 aut
904 2946 996 3003 sellam
1017 2945 1144 3001 clausam.

153 3035 192 3091 22
222 3049 278 3090 333
300 3043 392 3108 potest
414 3034 463 3090 dici
486 3034 648 3107 heredipeta.
671 3034 771 3089 3331313
795 3034 835 3088 331
859 3032 962 3094 cultor,
991 3031 1145 3086 luxuriosus

66 3131 115 3176 est.
225 3121 264 3178 23
288 3118 398 3192 Apicius
419 3127 514 3175 auctor
535 3117 782 3191 praecipiendarnm
806 3134 947 3181 cenarum,
972 3116 1018 3189 331
1040 3116 1146 3186 scripsit

67 3206 100 3262 de
125 3204 252 3261 inscellis.
274 3203 326 3261 luit
347 3220 409 3260 nam
430 3203 578 3277 exemplum
602 3203 690 3276 gulae.
779 3204 819 3260 24
841 3202 892 3258 luit
914 3218 973 3256 uam
998 3199 1144 3272 Aegyptius

66 3291 271 3347 Alexandrinus.
292 3290 318 3345 in
343 3306 395 3364 qua
416 3306 548 3363 papyrum
571 3288 690 3345 nascitur
711 3289 738 3343 in
753 3288 823 3344 Nilo.
838 3288 909 3343 31331
923 3284 980 3342 3311
1000 3284 1143 3346 133333113,

66 3375 203 3450 Crispinus
226 3375 379 3449 chartapola
400 3373 461 3431 luit.
549 3375 588 3431 25
612 3373 664 3428 hoc
685 3373 773 3445 pretio
795 3389 818 3428 s.
841 3372 950 3445 piscem.
972 3387 986 3424 a
1009 3379 1085 3443 parte
1103 3378 1144 3424 to-

66 3472 132 3517 tum.
220 3463 258 3519 27
283 3460 497 3534 anthypophora.
522 3459 598 3533 quasi
621 3457 757 3531 Crispinus
779 3458 832 3512 hoc
854 3454 1037 3528 responderit:
1064 3443 1142 3527 ‘quid

153 3611 167 3662 8
187 3609 332 3668 damnarat
355 3607 467 3659 13133133
572 3606 695 3659 93111313
717 3605 748 3656 S:
777 3604 870 3655 uittata
889 3604 913 3654 P
932 3617 1036 3668 333333
1058 3603 1092 3663 (st
1110 3618 1144 3650 aaa

67 3677 134 3740 3111,
153 3679 277 3730 33333311
293 3679 350 3741 ipso
368 3678 396 3728 P.
415 3680 442 3726 31
458 3675 627 3740 adscriptam
645 3679 685 3724 ast
700 3671 857 3724 redimiculis
881 3671 960 3736 ligata
985 3670 1057 3720 uittis
1076 3668 1143 3718 redi-

67 3747 129 3797 mita
141 3746 209 3798 sicut
221 3743 351 3809 sacerdos)
416 3748 446 3796 13
460 3742 572 3811 scioque
587 3743 754 3795 Galatea-inm:
774 3741 893 3807 serioque
907 3741 963 3790 Ρω
1035 3740 1066 3789 15
1080 3736 1144 3786 mul-

67 3820 120 3865 tum
139 3814 219 3866 Puel
237 3814 344 3864 mullum
362 3816 393 3862 in
409 3815 535 3876 margine
551 3828 569 3876 p
675 3813 706 3863 18
725 3810 746 3860 31
764 3811 796 3861 P:
815 3809 876 3873 inp
980 3809 1013 3859 25
1031 3807 1144 3871 praetios

68 3897 142 3948 quam
162 3898 177 3933 e
195 3884 227 3933 P:
245 3881 371 3947 praetium
391 3895 497 3947 squame
514 3887 577 3943 pw.
604 3894 735 3946 squamam
757 3878 844 3929 Valla.
879 3875 957 3941 piscis
976 3875 1144 3939 adscriptum

67 3955 96 4000 in
113 3954 171 4016 ipro
188 3965 285 4014 uerna,
308 3949 404 4016 piscem
426 3952 456 3998 in
478 3949 587 3999 acholio.
615 3950 665 3997 hoe
688 3953 718 3997 tu.
741 3945 832 4007 fecisti
854 3946 911 3995 laco
934 3944 1026 4005 infimo
1045 3945 1144 3993 natae?

68 4019 117 4070 hoa
132 4021 221 4084 pretio
240 4033 367 4083 squamae
384 4021 489 4082 emptae
506 4020 587 4066 suot?
