2656 4440
180 240 220 297 86
628 238 802 290 lVVENALlS

178 416 214 474 da
235 421 343 474 testem
364 413 475 473 Romae
497 421 557 471 tam
579 422 725 485 sanctum,
749 431 837 490 quam
859 412 916 472 fuit
937 413 1046 492 hospes

179 499 311 560 numinis
333 498 419 570 Idaei,
443 497 584 576 procedat
605 497 651 557 vel
673 497 768 557 Numa
791 498 836 557 vel
858 497 908 576 qui

177 584 300 646 servavit
320 583 465 662 trepidam
488 582 622 661 flagranti
647 602 682 642 ex
704 583 775 642 aede
798 582 974 643 Minervam:

177 671 315 765 protinus
337 670 372 729 ad
396 686 529 745 censum,
553 667 589 726 de
611 668 744 728 moribus
768 668 868 728 ultima
889 670 941 728 liet

177 754 320 833 quaestio.
351 751 452 831 ‘quot
474 753 568 831 pascit
589 751 712 813 servos?
735 763 809 830 quot
830 753 961 830 possidet
983 753 1049 856 agri

177 836 298 919 iugera?
321 857 408 934 quam
431 838 522 899 multa
546 856 711 916 magnaque
733 839 905 935 paropside·
915 831 1049 899 cenat‘l''

178 934 322 1003 quantum
345 925 469 1002 quisque
492 942 544 984 sua
567 940 757 983 nummorum
780 934 876 984 servat
898 925 928 983 in
952 942 1030 996 arca,

176 1019 291 1070 tantum
314 1009 403 1069 habet
425 1017 454 1068 et
476 1008 552 1068 tidei.
596 1008 676 1068 iures
699 1009 767 1069 licet
790 1017 819 1068 et
842 1008 1064 1070 Samotbracum

177 1106 206 1156 et
229 1106 402 1155 nostrorum
424 1112 498 1166 aras,
526 1104 719 1154 contemnere
742 1093 866 1153 fulmina
888 1112 1002 1172 pauper

177 1180 308 1240 creditur
330 1189 418 1258 atque
441 1179 512 1239 deos
534 1179 578 1239 dis
602 1179 827 1256 ignoscentibus
849 1179 930 1255 ipsis.

177 1265 245 1344 quid
270 1265 349 1343 quod
371 1264 524 1324 materiam
545 1264 668 1342 praebet
690 1282 852 1342 causasque
874 1265 1009 1325 iocorum

177 1350 315 1411 omnibus
337 1349 385 1409 hic
408 1348 495 1422 iden,
519 1349 542 1409 si
565 1350 651 1410 loeda
673 1359 703 1408 et
724 1349 814 1409 scissa
837 1349 965 1428 lacerna,

175 1436 199 1496 si
223 1447 291 1514 toga
313 1433 463 1496 sordidula
486 1443 531 1495 est
554 1444 583 1495 et
605 1444 694 1513 rupta
717 1434 833 1494 calceus
855 1435 930 1494 alter

176 1521 252 1600 pelle
275 1529 363 1599 patet,
387 1519 432 1578 vel
454 1519 477 1579 si
501 1529 628 1580 consuto
650 1520 771 1579 vulnere
795 1538 926 1580 crassum

175 1615 263 1684 atque
287 1623 391 1666 recens
413 1604 508 1663 linum
532 1605 661 1665 ostendit
684 1624 745 1664 non
769 1623 828 1664 una
851 1603 994 1665 cicatrix?

176 1691 218 1750 nil
240 1690 328 1750 habet
350 1689 452 1749 infelix
474 1700 600 1769 paupert
601 1708 632 1750 as
588 1689 787 1750 tdurius
779 1709 810 1749 1n
834 1708 875 1762 se

175 1793 261 1876 quam
286 1774 366 1852 quod
389 1775 529 1835 ridiculos
552 1775 687 1835 homines
709 1772 829 1834 lacit‘
832 1765 958 1835 ‘exeat’
984 1773 1083 1852 inquit

171 1853 219 1920 ‘si
243 1861 340 1939 pudor
362 1871 415 1932 est,
440 1860 526 1920 etde
548 1860 670 1939 pulvino
693 1870 796 1936 surgat
818 1860 947 1938 equestri

174 1946 258 2005 cuius
281 1964 329 2005 res
352 1944 408 2022 legi
434 1964 496 2004 non
519 1945 638 2018 suflicit,
662 1955 692 2005 et
713 1946 836 2006 sedeant
856 1945 905 2005 bic

174 2031 318 2090 lenonum
339 2030 425 2108 pueri
449 2047 638 2107 quocumque
662 2049 698 2089 ex
720 2031 835 2090 fornice
858 2030 928 2103 nati,

175 2114 223 2175 hic
247 2115 364 2193 plaudat
386 2115 471 2175 nitidi
494 2116 650 2192 praeconis
673 2115 751 2175 lilius
773 2115 852 2175 inter

175 2199 326 2278 pinnirapi
349 2199 443 2260 cultos
466 2200 587 2261 iuvenes
610 2201 791 2278 iuvenesque
814 2193 981 2260 lanistae'':

173 2372 270 2428 trieum
292 2390 308 2429 a
329 2373 393 2428 sella
415 2390 464 2429 sua
486 2372 620 2430 abducere
642 2373 803 2428 conductam
824 2370 968 2442 cunctaris,
991 2387 1053 2427 cum
1068 2369 1111 2425 alii
1126 2368 1255 2424 adulteria

173 2467 272 2514 emant.
361 2461 419 2516 137
444 2458 532 2532 Scipio
553 2459 654 2522 Nasica,
678 2474 759 2532 quem
781 2467 894 2530 propter
915 2456 1078 2530 probitatem
1100 2454 1168 2510 vitae
1190 2469 1254 2509 suae

172 2552 281 2599 senatus
303 2543 397 2616 elegit,
421 2555 452 2599 ut
475 2544 572 2617 hospes
595 2554 665 2600 esset
686 2543 777 2598 matris
800 2543 895 2606 deum,
919 2542 945 2598 id
968 2550 1010 2599 est
1031 2550 1062 2597 ut
1082 2539 1254 2595 simulacrum

173 2628 230 2684 eius
252 2628 324 2683 domi
344 2645 409 2684 suae
431 2629 557 2692 haberet,
587 2630 650 2685 dum
673 2627 696 2684 ei
720 2628 848 2701 templum
870 2627 963 2697 fieret,
986 2626 1060 2700 quod
1082 2624 1253 2681 simulacrum

174 2713 207 2769 de
228 2714 343 2786 Phrygia
364 2713 473 2770 allatum
495 2723 545 2770 est.
631 2715 675 2770 hic
697 2723 738 2769 est
760 2713 865 2786 Scipio,
896 2712 941 2785 qui
964 2710 1098 2785 oppressit
1119 2708 1254 2766 'liberium

173 2798 321 2853 Gracchum
343 2797 417 2870 leges
438 2798 556 2870 agrarias
578 2798 649 2854 lerre
670 2807 821 2854 conantem.
912 2799 970 2856 138
987 2797 1018 2852 L.
1034 2795 1176 2852 Caecilium
1192 2793 1255 2850 dicit

173 2881 308 2936 Metellum
330 2880 482 2953 pontificem
505 2882 656 2953 marimum,
680 2883 725 2955 qui
748 2883 859 2939 ardente
881 2881 982 2955 templo
998 2882 1092 2937 Vestae
1107 2879 1254 2936 Palladium

173 2983 206 3023 ex
233 2965 326 3021 mediis
355 2965 463 3039 ignibus
493 2967 581 3038 rapuit
607 2965 697 3041 ibique
726 2978 847 3024 caecatus
876 2977 925 3023 est.
953 2967 1003 3023 iste
1028 2966 1099 3022 enim
1122 2981 1183 3022 eum
1205 2980 1254 3036 per

173 3050 290 3106 Latinam
313 3050 380 3105 viam
403 3050 629 3124 proficisceretur,
656 3051 768 3124 augurio
792 3053 864 3109 corvi
887 3053 914 3107 in
937 3053 1032 3109 oculos
1053 3067 1118 3106 suos
1139 3049 1253 3104 volantis

172 3144 313 3192 revocatus
337 3146 391 3199 est,
416 3146 444 3192 et
465 3136 613 3193 Palladium
636 3153 696 3192 cum
718 3154 750 3192 ex
771 3138 896 3194 incendio
919 3138 1066 3211 rapuisset,
1094 3152 1189 3210 passus
1212 3143 1253 3190 est

173 3221 337 3277 eaecitatem.
428 3225 485 3280 143
502 3211 649 3278 Lueilius‘
653 3239 747 3278 aurum
770 3231 850 3319 atque
872 3221 979 3278 ambitio
996 3221 1130 3295 specimen
1145 3219 1252 3275 virtutis

172 3315 319 3380 utrumque
348 3317 397 3362 est.
421 3315 524 3363 tantum
546 3305 658 3371 habeas,
688 3317 792 3363 tantum
814 3309 871 3381 ipse
893 3309 944 3363 sies
967 3307 1088 3379 tantique
1109 3290 1250 3361 habearis.

176 3394 234 3449 145
258 3391 371 3465 pauperi
391 3391 461 3448 enirn
484 3391 560 3465 quasi
581 3402 693 3466 propter
715 3402 860 3466 egestatem
882 3391 1032 3465 periuranti
1053 3390 1087 3445 dii
1110 3406 1166 3445 non
1181 3390 1253 3444 iras-

173 3486 281 3532 cuntur.
372 3481 428 3535 151
458 3476 635 3533 asutriballo
665 3488 752 3535 sutus.
844 3480 901 3535 155
926 3475 1038 3532 Othonis
1059 3474 1116 3539 lex,
1148 3476 1251 3547 inqua

172 3560 250 3616 iussit
278 3578 333 3626 ecs,
363 3562 410 3637 qui
440 3562 699 3635 quadringentorum
727 3563 912 3620 sestertiorum
941 3560 1041 3617 habent
1069 3559 1187 3625 reditus,
1223 3559 1251 3616 in

172 3662 284 3701 numero
308 3647 427 3720 equitum
450 3664 517 3704 esse.
609 3650 666 3707 158
691 3649 784 3705 divites
809 3649 842 3704 de
864 3662 963 3718 genere
984 3644 1148 3718 gladiatoris.
1236 3660 1250 3699 a

259 3795 305 3844 141
326 3793 381 3857 agri
397 3801 467 3858 pw:
486 3809 561 3860 agros
579 3796 603 3844 P
699 3797 747 3847 142
764 3793 853 3859 legera
872 3794 932 3844 add.
950 3801 1006 3860 μω
1030 3810 1081 3845 om.
1099 3795 1250 3843 Purpureus

171 3874 280 3910 uersum
298 3878 314 3911 a
333 3859 413 3920 Quam
482 3862 617 3928 parapside
634 3879 651 3928 p
671 3864 712 3926 (de
731 3878 782 3928 quo
800 3865 894 3912 monui
911 3879 978 3914 mus
998 3865 1072 3913 rhen.
1091 3860 1170 3925 3922.
1187 3859 1250 3922 426)

259 3931 308 3981 154
326 3935 353 3980 et
370 3929 431 3980 de'
419 3946 449 3980 m
468 3930 551 3980 litura
569 3929 676 3994 Ptdete
694 3931 788 3980 lemnia
808 3929 836 3994 S)
917 3931 991 3984 156
984 3948 1011 3982 m
1030 3930 1127 3981 fornice
1141 3945 1161 3994 p

259 3998 306 4049 158
325 3997 471 4064 inueneque
487 4014 505 4064 p
524 4015 602 4049 arasa
621 4014 633 4049 s
