2656 4440
119 166 161 225 40
609 165 713 220 Paasu

123 339 225 400 dividit
246 339 276 400 in
299 338 434 418 geminos
457 340 616 400 concordia
638 340 695 400 lata
718 341 853 413 dnomm,
1242 400 1244 407 ,

122 425 345 504 Saturnumque
367 442 485 503 gravem
509 436 612 486 nostro
635 425 702 486 love
726 425 889 503 frangimus
911 442 989 485 una:
1176 434 1203 485 to

122 509 225 571 nescio
248 510 328 588 quod
350 518 431 570 certe
453 518 498 571 est
520 510 600 588 quod
623 529 670 571 me
692 510 744 571 tibi
768 518 914 589 temperat
934 519 1058 571 astrum.

165 594 244 655 mille
266 595 420 656 hominum
443 595 557 674 species
580 604 611 656 et
630 613 731 656 rerum
754 596 883 657 discolor
904 614 986 669 usus,

121 679 195 740 velle
216 698 303 741 suum
327 680 434 759 cuique
457 688 512 758 est,
536 699 591 741 nec
613 689 681 741 voto
705 680 809 742 vivitur
830 699 903 741 uno.

122 765 272 827 mercibus
293 765 341 826 hic
364 765 443 826 ltalis
465 774 559 826 mutat
581 765 636 826 sub
659 765 721 826 sole
744 767 855 826 recenti

122 867 265 928 rugosum
289 850 376 930 piper
398 859 428 910 et
450 850 587 929 pallentis
609 868 699 929 grana
723 850 844 924 cumini,

123 934 171 995 bie
194 944 276 997 satur
297 935 417 1012 inriguo
440 935 551 995 mavult
572 943 743 1014 turgescere
765 954 882 1009 somno,

123 1019 172 1081 bic
196 1039 302 1100 campo
325 1019 469 1098 indulget,
492 1022 573 1081 hunc
596 1021 656 1081 alea
679 1021 828 1100 decoquit,
851 1021 899 1081 ille

122 1104 153 1165 in
175 1123 315 1167 venerem
336 1104 449 1185 putris;
472 1106 522 1166 sed
546 1124 614 1166 eum
636 1106 767 1184 lapidosa
791 1107 930 1184 cheragra

119 1303 237 1370 possunt
257 1294 363 1367 gemini,
387 1302 518 1369 quantum
538 1302 629 1370 potest
651 1302 678 1351 et
699 1294 767 1352 libra
789 1297 859 1353 circa
879 1293 1093 1351 mathematicos.
1137 1308 1203 1367 ergo

121 1388 168 1437 aut
195 1380 221 1435 in
251 1378 320 1436 libra
347 1397 440 1436 sumus
462 1380 518 1437 nati
540 1379 634 1437 autin
657 1380 734 1453 signo
757 1381 936 1454 geminorum,
965 1378 1062 1436 merito
1085 1394 1203 1435 concor·

121 1465 185 1521 dant
218 1480 306 1521 mores
337 1473 364 1522 et
395 1463 475 1521 animi
507 1466 602 1522 nostri.
646 1464 697 1520 sub
725 1466 837 1538 geminis
864 1465 935 1521 enim
957 1465 1011 1521 nati
1033 1464 1061 1520 in
1083 1462 1204 1521 amicitiis

119 1557 287 1624 permanent.
395 1550 421 1605 11
455 1549 561 1623 signum
595 1550 764 1624 geminorum
792 1551 845 1607 lata
875 1558 968 1607 nostra
990 1548 1090 1612 dividit.
1114 1548 1141 1606 id
1165 1555 1205 1605 est

121 1633 263 1690 dividendo
286 1633 434 1708 coniungit.
456 1651 551 1691 sensus
573 1633 605 1690 ab
628 1634 739 1691 Horatio
763 1634 1049 1709 tractus[od.2‚l'l,
1070 1631 1120 1709 17]
1155 1648 1204 1691 scu

120 1718 189 1775 libra
216 1734 264 1776 seu
292 1735 335 1776 me
362 1719 485 1795 scorpius
513 1720 609 1794 aspicit
629 1716 841 1778 formidolosus'.
930 1723 968 1779 50
993 1720 1102 1777 Saturni
1125 1717 1203 1775 stella

121 1803 239 1862 malefica
266 1813 308 1861 est
335 1804 387 1861 illis
415 1822 534 1880 quorum
558 1805 673 1862 natalem
696 1805 765 1863 diem
786 1806 890 1881 aspicit,
912 1806 981 1862 lovis
1003 1812 1094 1863 autem
1116 1802 1204 1861 bene·

121 1887 186 1957 lica,
218 1906 372 1965 quaecum
397 1891 551 1954 radiaverit,
580 1890 689 1947 Saturni
711 1900 814 1948 astrum
836 1891 945 1965 frangit.
1055 1889 1094 1949 52
1118 1888 1205 1945 varios

121 1974 243 2032 homines
265 1974 388 2049 exprimit
410 1983 438 2031 et
459 1975 536 2049 quasi
556 1976 729 2049 reprehendit
757 1987 784 2033 et
805 1987 837 2034 ut
862 1975 950 2033 vultus
973 1993 1032 2034 esse
1053 1973 1205 2039 dissimiles,

122 2062 159 2118 ita
181 2068 256 2116 actus
278 2060 397 2116 diversos
417 2076 475 2116 csse
491 2060 665 2118 demonstrat.
688 2071 721 2118 ut
735 2062 861 2118 Horatius
876 2061 942 2136 [aot.
959 2064 987 2127 2,
1008 2064 1033 2125 l,
1051 2058 1104 2134 27]
1119 2053 1207 2134 ‘quot

123 2144 240 2221 capitum
261 2145 362 2208 vivunt,
386 2145 497 2202 totidem
519 2147 671 2204 studiorum
693 2141 774 2203 milia’
797 2156 825 2204 et
838 2146 978 2204 Terentius
990 2145 1114 2220 [Plorat.
1132 2140 1205 2219 454]

116 2224 203 2304 ‘quot
230 2231 325 2304 capita,
354 2237 396 2287 tot
417 2226 586 2289 sententiae'.
695 2232 747 2289 boc
770 2231 846 2288 dicit:
874 2249 935 2289 cum
958 2231 1045 2288 variae
1065 2229 1207 2287 hominurn

122 2315 275 2373 voluntates
302 2316 357 2373 sint
377 2324 405 2373 et
427 2318 529 2375 diversa
558 2317 708 2391 proposita,
731 2317 865 2391 optimum
887 2325 928 2373 est
947 2325 1034 2381 tuum,
1057 2315 1134 2390 quod
1155 2314 1207 2371 im-

124 2400 206 2459 butus
228 2402 324 2459 hortor
346 2402 425 2459 etiam
447 2411 553 2459 ceteros
575 2401 709 2459 affectare.
818 2405 858 2461 54
881 2413 907 2459 11
928 2402 972 2459 hic
995 2410 1036 2458 est
1056 2417 1154 2458 sensus
1175 2396 1207 2456 ab

122 2486 234 2545 Horatio
258 2496 359 2546 tractus
382 2488 446 2563 [111.
467 2492 493 2554 1,
510 2490 539 2552 4,
556 2485 608 2562 29]
623 2481 684 2544 ‘bic
704 2495 792 2544 mutat
813 2504 915 2545 merces
941 2493 1069 2560 surgente
1091 2501 1106 2541 a
1128 2478 1207 2543 sole'.

123 2581 151 2631 et
178 2573 231 2630 hoc
259 2574 337 2631 dicit:
367 2573 440 2631 hunc
469 2573 603 2631 delectant
630 2573 796 2631 mercimonii
817 2574 900 2638 lucra,
933 2570 1081 2628 dumalias
1103 2586 1208 2628 meroes

123 2658 180 2716 aliis
207 2658 341 2718 mercibus
367 2667 464 2715 mutat.
574 2662 613 2719 55
637 2668 678 2716 est
706 2660 777 2716 enim
803 2657 969 2715 contrarium
995 2654 1128 2729 sanguini,
1153 2670 1208 2730 quo

124 2751 234 2818 accepto
268 2743 380 2801 tabescit
412 2744 521 2818 sanguis
554 2753 581 2800 et
603 2745 722 2800 nascitur
744 2743 840 2818 pallor.
869 2743 942 2799 unde
963 2740 1090 2798 Horatius
1113 2738 1207 2815 [epist.

127 2821 405 2901 1‚19,1t]‘qu0d
433 2828 456 2884 si
481 2827 609 2901 pallerem
638 2844 717 2891 casu,
748 2826 870 2883 biberent
892 2843 1026 2901 exsangue
1048 2820 1208 2883 cuminum'.

211 2913 250 2969 56
274 2920 305 2967 11
334 2910 465 2986 Vergilius
495 2909 574 2987 [1111.
592 2914 620 2976 3,
638 2910 710 2984 511]
740 2912 805 2967 dixit
831 2927 927 2967 somno
954 2911 1061 2983 irrigari
1082 2926 1211 2985 corpora.

213 2999 250 3054 57
276 2996 344 3052 alius
372 2997 491 3053 studium
521 2996 593 3052 aleae
623 2995 687 3052 lacit
709 3004 736 3052 et
757 3012 788 3051 re
810 2995 930 3052 familiari
952 2996 1093 3070 spoliatur.
1137 2996 1212 3055 unde

126 3081 283 3138 decoctores
314 3097 405 3137 rerum
428 3097 537 3137 suarum
560 3079 713 3137 venditores
745 3080 855 3137 dicimus
883 3081 970 3139 alieno
1000 3097 1061 3139 aere
1083 3088 1212 3155 cogente.

213 3168 252 3226 58
275 3165 343 3222 alter
372 3165 479 3223 assiduo
509 3165 582 3221 coitu
611 3166 715 3221 enervis
744 3165 868 3223 efficitur.
902 3168 935 3224 ad
964 3165 1139 3224 concubitum
1166 3167 1213 3223 in-

126 3252 198 3310 utilis
235 3259 263 3310 et
294 3250 400 3308 solutus
433 3259 460 3306 et
488 3247 648 3308 libidinosus
678 3260 705 3307 et
728 3252 785 3326 ipsa
808 3269 838 3309 re
859 3252 989 3309 infirmus.
1013 3251 1111 3325 legitur
1133 3259 1162 3310 et
1185 3252 1213 3308 in

128 3353 254 3394 venerem
276 3337 370 3412 putrit‚
394 3336 420 3392 id
443 3342 485 3391 est
504 3336 643 3410 putrescit,
668 3337 818 3395 coniicitur.
897 3338 1045 3413 lapidosam
1061 3336 1214 3409 chiragram

128 3421 193 3478 dicit
207 3422 377 3479 articularem
392 3420 517 3477 morbum
533 3437 669 3485 manarum,
693 3423 751 3496 quia
769 3423 978 3496 chiragricorum
994 3421 1098 3478 articuli
1112 3421 1215 3479 tuber-

130 3505 190 3561 cula
216 3506 318 3564 habent
340 3523 408 3580 quae
429 3505 524 3580 lapidis
547 3506 670 3563 duritiam
693 3516 832 3572 exercent,
863 3516 890 3565 11
911 3518 975 3565 sunt
995 3522 1131 3563 ramorum
1155 3505 1216 3566 lere

128 3590 293 3648 tumidorum
316 3590 487 3648 similitudine
509 3608 597 3666 pares.
618 3591 718 3666 legitur
739 3602 767 3650 11
788 3591 924 3667 [fregerit]
954 3592 1111 3665 curvaverit,
1141 3591 1214 3651 sicut

129 3683 225 3732 ventus
253 3674 364 3733 arbores
393 3676 435 3732 vel
464 3693 553 3734 earum
580 3693 677 3733 ramos.

212 3859 246 3909 19
262 3855 365 3909 Diuidet
378 3873 398 3923 p
461 3858 597 3910 50111111
617 3865 640 3908 α
698 3858 774 3909 imam
794 3865 817 3908 α
881 3857 1070 3911 5111111111)
1127 3859 1215 3910 5411-

126 3923 158 3976 lis
178 3930 202 3975 α
271 3927 304 3978 58
322 3927 467 3991 putriselP
480 3927 635 3992 putritsetp
