2656 4440
120 258 160 326 64
571 259 744 312 rvvuuaus

122 442 191 492 nota
214 432 306 509 magis
329 431 402 492 nulli
426 432 530 493 domus
553 444 597 493 est
620 450 681 506 sua,
705 451 792 510 quam
816 432 887 492 mihi
910 432 995 494 lucus

120 517 221 577 Martis
244 528 272 577 et
294 517 402 577 Aeoliis
424 518 553 578 vicinum
576 516 701 596 rupibus
724 527 842 577 antrum

119 601 258 678 Vulcani;
282 603 351 681 quid
376 611 464 679 agant
485 604 574 674 venti,
598 620 670 681 quas
691 613 829 681 torqueat
851 602 972 664 umbras

121 689 243 762 Aeacon,
266 689 346 748 unde
369 689 443 749 alius
463 689 589 751 furtivae
612 688 734 748 devehat
755 706 859 748 aurum

121 773 284 853 pelliculae,
307 783 433 851 quantas
455 773 599 833 iaculetur
621 773 785 852 Monychus
808 791 907 846 ornos,

121 857 282 919 Frontonis
304 859 414 938 platani
437 859 636 936 convulsaque
659 877 807 918 marmora
829 859 956 918 clamant

121 961 239 1024 semper
261 954 290 1004 et
312 943 433 1004 adsiduo
457 954 561 1023 ruptae
584 945 694 1004 lectore
717 944 884 1004 columnae.

123 1038 261 1108 expectes
284 1030 385 1089 eadem
408 1047 424 1089 a
447 1047 564 1090 summo
587 1029 770 1107 minimoque
792 1037 888 1108 poeta.

122 1126 151 1175 et
174 1133 229 1175 nos
252 1133 322 1192 ergo
346 1133 466 1175 manum
489 1115 599 1175 ferulae
622 1113 825 1186 subduximus,
851 1122 881 1174 et
903 1133 959 1176 nos

122 1200 279 1260 consilium
301 1199 435 1260 dedimus
457 1200 563 1273 Sullae,
587 1200 717 1279 privatus
739 1208 772 1260 ut
794 1199 885 1260 altum

122 1285 273 1345 dormiret.
318 1286 407 1345 stulta
430 1295 475 1346 est
496 1285 661 1358 clementia,
686 1303 752 1345 cum
776 1293 820 1344 tot
842 1283 955 1362 ubique

122 1370 236 1431 vatibus
258 1388 408 1443 occurras,
432 1371 580 1449 periturae
603 1388 726 1449 parcere
749 1371 874 1430 chartae.

122 1473 176 1515 cur
197 1467 295 1516 tamen
319 1455 376 1515 hoc
399 1456 497 1534 potius
521 1455 608 1516 libeat
631 1455 790 1516 decurrere
814 1473 929 1533 campo,

121 1558 176 1619 per
199 1559 286 1618 quem
310 1559 435 1619 magnus
458 1560 551 1619 equos
574 1540 731 1601 Auruncae
753 1540 833 1600 flexit
855 1540 1003 1613 alumnus,

122 1627 146 1686 si
168 1635 250 1685 vacat
272 1644 305 1684 ac
328 1625 434 1704 placidi
457 1626 601 1686 rationem
625 1625 784 1698 admittitis,
808 1626 902 1685 edam.

165 1728 232 1770 cum
256 1721 341 1770 tener
364 1728 485 1771 uxorem
509 1711 597 1771 ducat
618 1711 720 1790 spado,
743 1709 835 1769 lllevia
858 1709 987 1771 rluscum

122 1797 192 1874 llgat
214 1813 318 1875 aprum
342 1805 370 1855 et
393 1796 472 1856 nuda
493 1804 593 1857 teneat
616 1795 757 1856 venabula
780 1813 914 1869 mamma,

123 1880 261 1959 patricios
284 1882 381 1941 omnis
404 1880 511 1960 opibus
533 1899 602 1941 cum
624 1890 766 1959 provocet
786 1898 866 1941 unus

123 1984 182 2042 quo
204 1967 348 2026 tondente
371 1967 467 2044 gravis
490 1967 587 2026 iuveni
609 1966 679 2026 mihi
702 1964 792 2026 barba
815 1965 948 2036 sonabat,

123 2068 189 2110 cum
212 2069 281 2128 pars
302 2050 431 2110 Niliacae
453 2050 557 2129 plebis,
581 2069 648 2111 cum
671 2069 761 2111 verna
784 2050 895 2129 Canopi

123 2134 275 2214 Crispinus
297 2134 400 2213 Tyrias
423 2155 526 2196 umero
550 2149 708 2197 revocante
730 2136 865 2197 lacernas

121 2220 242 2280 ventilet
264 2221 406 2280 aestivum
428 2220 526 2299 digitis
548 2222 721 2282 sudantibus
743 2240 850 2282 aurum

123 2323 178 2365 nec
201 2306 325 2366 sullerre
348 2313 436 2383 queat
458 2307 576 2368 maioris
599 2309 731 2386 pondera
754 2324 895 2385 gemmae,

121 2390 240 2451 difficile
262 2399 306 2452 est
328 2399 455 2451 saturam
480 2411 539 2452 non
563 2391 704 2453 scribere.
742 2410 809 2452 nam
834 2391 899 2470 quis
922 2389 1041 2468 iniquae
1165 2396 1193 2446 30

121 2484 179 2536 tam
203 2476 319 2555 patiens
342 2474 434 2548 urhis,
458 2485 517 2538 tam
540 2479 663 2551 ferreus,
686 2486 719 2537 ut
741 2485 839 2538 teneat
860 2495 901 2549 se,

209 2653 225 2705 7
250 2648 340 2706 lucum
364 2650 452 2706 Martis
475 2651 539 2707 dicit
560 2650 607 2722 qui
630 2650 728 2705 llomae
749 2658 790 2706 est
811 2649 838 2704 in
862 2649 963 2722 Appia,
992 2647 1020 2702 in
1043 2663 1097 2720 quo
1120 2643 1195 2700 sole-

122 2734 186 2790 bant
207 2735 320 2791 recitare
342 2746 448 2810 poetae.
485 2745 532 2792 aut
552 2735 628 2790 illum
651 2735 698 2807 qui
720 2735 792 2808 apud
814 2733 928 2790 Colchos
951 2742 1000 2797 est,
1023 2733 1050 2788 in
1075 2747 1129 2806 quo
1144 2729 1196 2787 fuit

122 2818 198 2892 pellis
220 2834 309 2875 aurea.
348 2820 441 2876 autin
464 2839 519 2894 quo
541 2820 585 2876 llla
608 2820 723 2894 peperit.
849 2821 885 2876 12
909 2818 1064 2874 Frontonis.
1087 2818 1114 2872 ln
1137 2815 1195 2872 Ho-

123 2901 222 2957 ratiana
245 2904 341 2971 domo,
366 2905 393 2959 in
416 2922 469 2978 qua
491 2917 587 2981 poetae
609 2905 766 2962 recitabant.
897 2905 936 2962 20
957 2894 1112 2960 ‘bucillium
1133 2901 1197 2957 dicit

122 2995 154 3044 ut
174 2987 209 3042 sit
230 2988 358 3046 Aurunca
380 3006 431 3063 pro
454 2992 528 3049 ltalia
549 2989 758 3066 synecdochicos
781 2989 876 3065 posita.
906 2989 948 3046 vel
970 2999 1002 3045 ut
1023 2987 1128 3044 Probus
1151 3004 1196 3042 er·

121 3071 208 3148 ponit,
232 3073 352 3131 Turnum
375 3074 438 3132 dicit
451 3076 544 3134 Scaevi
558 3073 683 3132 llemoris
706 3076 799 3150 tragici
820 3083 916 3150 poetae
936 3076 1055 3132 fratrem.
1090 3073 1197 3129 Turnus

121 3158 164 3216 hio
186 3159 305 3216 libertini
327 3161 433 3234 generis
462 3163 493 3219 ad
516 3162 632 3218 bonores
655 3160 799 3218 ambitione
821 3169 966 3236 provectus
988 3169 1031 3218 est
1051 3167 1148 3235 potens
1170 3157 1197 3212 in

123 3245 183 3301 aula
205 3245 428 3318 Vespasianorum
451 3246 501 3302 liti
524 3258 550 3304 et
571 3245 721 3303 Domitiani.
744 3248 784 3303 vel
799 3247 909 3304 Lenium
922 3246 1069 3321 [Lenaeum
1086 3242 1198 3300 Casan-

124 3329 225 3404 bouus]
248 3330 326 3393 dicit,
350 3332 396 3405 qui
418 3340 445 3388 et
467 3333 524 3406 ipse
546 3333 640 3389 satiras
663 3333 780 3408 scripsit.
818 3333 859 3389 vel
881 3333 974 3389 Silium
998 3341 1025 3390 et
1047 3331 1134 3404 ipsum
1157 3330 1199 3384 sui

122 3417 251 3490 temporis
275 3417 419 3473 satiricum.
443 3417 489 3490 qui
504 3434 596 3474 omnes
619 3427 650 3474 ut
666 3418 770 3474 Probus
790 3418 875 3475 relert
889 3435 921 3473 er
935 3420 1062 3473 Aurunca
1078 3408 1200 3472 luerunt'

127 3499 218 3557 Valla.
343 3504 381 3561 26
405 3520 466 3559 cum
487 3518 559 3577 pars.
581 3502 697 3560 Niliacus
718 3520 789 3560 unus
811 3504 844 3560 de
866 3499 1022 3558 consulibus
1043 3500 1146 3558 liciniae
1168 3515 1199 3556 ac

126 3585 157 3640 de
178 3585 259 3660 plebe
282 3588 396 3663 Aegypti
419 3588 483 3653 luit,
515 3605 669 3660 magnarum
690 3589 789 3646 Romae
810 3595 903 3662 postea
929 3585 1098 3644 facultatum.

211 3671 334 3746 Canopus
358 3673 484 3748 oppidum
508 3675 622 3748 Aegypti
643 3674 743 3730 dictum
765 3690 779 3729 a
801 3671 983 3747 gubernatore
1005 3673 1129 3738 llenelai,
1153 3671 1200 3746 qui

124 3753 221 3811 ibidem
243 3773 336 3813 morsu
358 3759 491 3833 serpentis
513 3760 646 3815 extinctus
661 3766 711 3815 est.
842 3759 882 3817 28
905 3776 955 3832 per
976 3758 1105 3819 luxuriam
1129 3759 1199 3815 enim

125 3839 220 3896 anulos
243 3842 356 3900 aestivos
379 3852 407 3901 et
428 3844 551 3901 hiemales
574 3844 718 3901 invenerat.

210 4023 237 4074 m
260 4038 290 4074 ac
308 4023 351 4076 uel
369 4028 395 4076 et
413 4040 508 4090 margo
525 4027 549 4075 P
650 4025 682 4078 25
700 4025 801 4079 iuuenis
820 4027 885 4094 Ppr.
