2656 4440
426 252 549 305 LIBERI
583 252 753 306 snrvnlu

56 434 80 486 et
98 442 242 503 pressum
263 425 294 485 in
319 424 394 484 facie
416 424 514 502 digitis
536 426 696 486 extendere
718 444 835 504 panem,

54 510 124 588 quod
148 527 210 570 nec
235 510 265 570 in
289 509 408 589 Assyrio
431 510 599 588 pharetrata
621 511 789 572 Samiramis
812 509 894 584 orbe,

53 603 159 656 mamta
184 612 244 655 nec
266 594 384 656 Achaea
407 595 476 656 lecit
497 595 651 674 Cleopatra
674 596 773 656 carina
794 629 846 654 -.

53 680 96 741 hic
118 679 224 741 nullus
246 679 344 741 verbis
365 679 463 759 pudor
485 690 536 741 aut
557 682 722 743 reverentia
745 699 873 754 mensae,
1086 691 1129 741 111

53 765 97 827 hic
118 765 221 844 turpis
244 764 368 845 Cybeles
389 773 419 826 et
440 767 531 826 fracta
553 785 624 827 voce
647 766 789 844 loquendi

54 850 174 912 libertas
197 859 227 911 et
249 851 333 911 crine
355 870 446 912 senex
469 852 615 912 fanaticus
637 851 704 912 albo

54 953 207 998 sacrorum
230 935 362 1009 antistes,
385 953 486 997 rarum
508 955 542 997 ac
565 935 756 997 memorabile
779 935 878 1015 magni

55 1020 184 1101 gutturis
207 1020 375 1101 exemplum
399 1022 672 1100 conducendusque
695 1021 842 1099 magister.

55 1106 124 1186 quid
146 1114 247 1166 tamen
271 1116 437 1187 expectant,
461 1107 588 1187 Phrygio
612 1125 687 1185 quos
708 1115 827 1184 tempus
849 1114 911 1166 erat
932 1104 990 1165 iam

55 1209 137 1252 more
160 1209 373 1271 supervacuam
396 1192 499 1253 cultris
520 1191 697 1271 abrumpere
721 1189 864 1252 carnem?

57 1275 275 1356 quadringenta
297 1277 377 1338 dedit
399 1276 551 1339 Gracchus
572 1278 707 1338 sestertia
729 1277 828 1337 dotem

55 1361 213 1435 comicini,
236 1361 296 1423 sive
317 1362 366 1424 hic
388 1371 470 1423 recto
493 1371 660 1424 cantaverat
680 1380 748 1422 aere
755 1380 763 1438 ;

55 1447 190 1525 signatae
211 1446 339 1522 tabulae,
362 1448 474 1509 dictum
494 1438 659 1522 ‘feliciter²,
682 1448 790 1526 ingens

55 1550 130 1594 cena
152 1531 244 1607 sedet,
267 1533 380 1612 gremio
402 1533 493 1594 iacuit
515 1552 590 1594 nova
613 1541 706 1612 nupta
729 1531 834 1592 mariti.

57 1637 73 1678 o
96 1635 249 1696 proceres,
271 1636 397 1681 censore
419 1637 496 1698 opus
518 1628 563 1679 est
585 1636 621 1679 an
645 1618 802 1698 haruspice
826 1614 936 1678 nobis?

57 1703 171 1765 scilicet
192 1702 331 1765 horreres
352 1704 523 1782 maioraque
545 1711 678 1765 monstra
701 1711 829 1782 putares,

56 1788 80 1849 si
103 1787 212 1849 mulier
233 1788 358 1849 vitulum
379 1789 426 1849 vel
447 1790 471 1850 si
494 1789 548 1850 bos
569 1789 672 1850 ederet
692 1785 825 1866 agnum?

56 1881 211 1953 segmenta
232 1882 263 1934 et
283 1874 391 1954 longos
413 1874 530 1935 babitus
552 1883 581 1935 et
604 1875 738 1934 llammea
760 1873 860 1945 sumit,

58 1976 169 2019 arcano
192 1958 243 2036 qui
265 1977 348 2020 sacra
371 1960 471 2020 lerens
494 1959 628 2020 nutantia
651 1959 716 2019 loro

57 2043 174 2106 sudavit
195 2043 308 2123 clupeis
330 2045 485 2106 ancilibus.
527 2065 547 2125 o
570 2053 654 2123 pater
677 2042 768 2124 urbis,

59 2128 140 2190 unde
164 2130 246 2191 nefas
267 2137 382 2191 tantum
404 2129 496 2190 Latiis
516 2126 709 2209 pastoribus?
731 2127 812 2188 unde

60 2214 134 2275 haec
155 2214 260 2293 tetigit,
284 2214 417 2287 Gradive,
440 2223 507 2276 tuos
530 2215 624 2275 urtica
647 2211 792 2293 nepotes?

60 2299 187 2362 traditur
208 2317 278 2360 ecce
299 2300 362 2360 viro
385 2300 482 2362 clarus
503 2318 615 2379 genere
636 2310 724 2378 atque
747 2297 854 2378 opibus
877 2296 929 2369 vir,
1196 2377 1197 2381 Ἰ

62 2403 120 2445 nec
141 2384 255 2464 galeam
278 2403 408 2464 quassas,
432 2403 488 2446 nec
510 2394 620 2446 terram
643 2384 764 2463 cuspide
787 2381 895 2461 pulsas,
1094 2389 1137 2440 130

62 2488 118 2531 nec
141 2469 276 2548 quereris
296 2467 394 2550 patri?
416 2470 490 2530 rade
512 2489 582 2550 ergo
605 2479 635 2531 et
656 2471 728 2530 cede
750 2468 843 2529 severi

61 2554 214 2633 iugeribus
236 2555 342 2636 campi,
365 2573 454 2633 quem
478 2556 619 2636 neglegis.
660 2547 806 2614 ‘officium
830 2569 895 2612 oras

151 2695 208 2752 107
233 2694 294 2768 qnia
316 2693 427 2751 infames
449 2693 551 2751 iaciunt
572 2693 605 2749 ad
628 2692 823 2749 excandendam
845 2699 944 2747 cutem.
1078 2690 1136 2747 108

62 2778 221 2835 Sameramis
243 2796 312 2836 uxor
333 2779 394 2837 Nini
410 2779 552 2854 Rabylonis
575 2779 689 2835 civitatis
712 2776 844 2834 conditrix
865 2793 880 2832 a
901 2775 956 2831 lilio
979 2790 1039 2838 suo,
1062 2772 1139 2830 cuius

63 2862 225 2921 concubitus
247 2865 350 2922 inceste
372 2865 556 2940 concupierat,
580 2865 667 2921 occisa
690 2874 739 2921 est.
858 2863 916 2919 118
936 2850 1090 2917 ‘comicini
1113 2869 1140 2916 et

63 2957 106 3006 est
127 2949 294 3025 metaphora.
316 2951 335 3007 i.
358 2959 499 3026 expertus,
522 2959 554 3006 ut
575 2948 681 3006 Probus
702 2949 805 3024 inquit,
829 2956 953 3004 naturam
975 2963 1036 3003 eum
1059 2962 1139 3018 gran·

63 3034 125 3092 dem
145 3033 253 3100 babere,
277 3023 377 3093 comu'
407 3036 502 3095 Valla.
594 3035 648 3092 121
675 3052 729 3108 quo
753 3034 877 3090 emendet
897 3043 944 3089 ant
965 3049 1020 3106 quo
1044 3032 1140 3104 expiet.

152 3120 212 3177 124
244 3119 385 3178 fimbriata.
417 3123 472 3178 sive
500 3121 605 3177 vittatas
634 3128 721 3177 vestes
755 3118 853 3193 quibus
885 3126 1023 3173 matronae
1056 3132 1141 3172 novae

64 3214 166 3279 nuptae
188 3207 393 3280 cooperiuntur.
499 3196 549 3263 ‘ait
570 3205 686 3270 Probus,
709 3202 879 3278 segmentarii
902 3203 980 3258 etiam
1003 3217 1076 3256 nnnc
1098 3199 1142 3256 di-

64 3298 165 3347 cuntur
186 3291 233 3364 qui
254 3298 340 3349 vestes
363 3309 395 3347 ex
416 3308 481 3348 auro
504 3277 654 3348 elaborant³
678 3289 770 3348 Valla.
861 3289 919 3345 125
937 3286 982 3360 qui
998 3285 1141 3361 aliquando

64 3374 146 3432 salius
162 3376 251 3433 llartis
274 3375 334 3442 luit,
357 3375 454 3433 nobilis
477 3375 547 3433 enim
570 3383 627 3432 erat
648 3373 793 3444 Gracchus,
815 3372 919 3446 accepit
939 3380 1040 3428 vestem
1057 3387 1142 3429 novae

64 3468 177 3536 nuptae.
266 3461 325 3520 126
348 3461 513 3536 apostrophe
535 3478 594 3518 cum
617 3459 798 3534 indignatione
813 3458 845 3513 ad
861 3457 980 3523 llartem,
1005 3464 1143 3513 auctorem

65 3547 173 3620 generis
195 3546 316 3604 Romani.
408 3549 466 3606 128
491 3546 576 3602 urtica
597 3562 647 3620 pro
672 3544 820 3619 prurigine.
911 3544 968 3601 132
992 3542 1087 3600 recede
1109 3543 1142 3600 de

64 3630 163 3689 Martio
186 3648 295 3706 campo,
320 3649 400 3706 quem
423 3641 512 3694 tenes,
537 3630 583 3705 qui
605 3629 654 3687 tibi
677 3640 803 3704 coeperat
831 3628 974 3685 aedificari.
1003 3627 1046 3685 hic
1072 3630 1143 3685 enim

155 3747 203 3797 107
222 3744 301 3797 laciet
317 3747 386 3810 Ppr.
457 3748 506 3798 106
524 3743 672 3797 eameramis
690 3746 714 3795 P
728 3743 869 3795 semiramis
884 3757 904 3807 p
982 3744 1033 3794 114
1050 3741 1144 3793 condu-

66 3810 176 3875 cendus]
194 3827 225 3864 ns
243 3829 278 3865 erc
296 3829 311 3865 o
331 3817 381 3865 aut
397 3814 420 3865 is
437 3816 461 3865 P
532 3815 582 3867 116
599 3829 684 3878 supro
701 3827 820 3879 rumpere
836 3813 980 3876 soripettp
999 3809 1042 3862 uel
1060 3809 1144 3862 cidere

65 3878 212 3943 (abscidere
229 3887 261 3932 w
279 3879 316 3943 es.
336 3880 476 3935 claudian.
494 3885 524 3933 in
541 3882 621 3935 Buta.
640 3880 732 3944 1280)
820 3881 868 3932 126
887 3879 1029 3946 clypeisP
1097 3880 1145 3931 130

66 3947 349 4072 Nec2ppucrer3ip6patrl
376 3966 424 4003 nec
453 3956 545 4003 terram
573 3949 680 4015 cuspide
707 3962 815 4016 quassas
832 3950 991 4000 Priscianus
1012 3945 1087 3999 GLK.
1106 3946 1150 3998 111

61 4032 93 4085 p.
181 4022 208 4069 et
