<?xml version="1.0" encoding="UTF-8"?>
<!DOCTYPE html PUBLIC "-//W3C//DTD XHTML 1.0 Transitional//EN"
    "http://www.w3.org/TR/xhtml1/DTD/xhtml1-transitional.dtd">
<html xmlns="http://www.w3.org/1999/xhtml" xml:lang="en" lang="en">
 <head>
  <title>
</title>
<meta http-equiv="Content-Type" content="text/html;charset=utf-8" />
  <meta name='ocr-system' content='tesseract 3.04.00' />
  <meta name='ocr-capabilities' content='ocr_page ocr_carea ocr_par ocr_line ocrx_word'/>
</head>
<body>
  <div class='ocr_page' id='page_1' title='image "apersiiflaccidi02sulpgoog_0099.png"; bbox 0 0 2656 4440; ppageno 0'>
   <div class='ocr_carea' id='block_1_1' title="bbox 221 203 847 303">
    <p class='ocr_par' dir='ltr' id='par_1_1' title="bbox 221 203 847 303">
     <span class='ocr_line' id='line_1_1' title="bbox 221 203 847 303; baseline -0.008 -1"><span class='ocrx_word' id='word_1_1' title='bbox 221 242 261 303; x_wconf 84' lang='grc'>78</span> <span class='ocrx_word' id='word_1_2' title='bbox 346 203 349 212; x_wconf 39' lang='grc' dir='ltr'>Ι</span> <span class='ocrx_word' id='word_1_3' title='bbox 672 243 847 297; x_wconf 80' lang='lat' dir='ltr'>lVVENhLlS</span> 
     </span>
    </p>
   </div>
   <div class='ocr_carea' id='block_1_2' title="bbox 214 408 1291 1943">
    <p class='ocr_par' dir='ltr' id='par_1_2' title="bbox 214 408 1291 1943">
     <span class='ocr_line' id='line_1_2' title="bbox 219 408 1028 496; baseline 0.001 -19"><span class='ocrx_word' id='word_1_4' title='bbox 219 416 314 496; x_wconf 87' lang='lat' dir='ltr'>primo</span> <span class='ocrx_word' id='word_1_5' title='bbox 338 418 400 478; x_wconf 93' lang='lat' dir='ltr'>sole</span> <span class='ocrx_word' id='word_1_6' title='bbox 423 417 494 477; x_wconf 92' lang='lat' dir='ltr'>mihi</span> <span class='ocrx_word' id='word_1_7' title='bbox 517 419 721 495; x_wconf 87' lang='lat' dir='ltr'>peragendum</span> <span class='ocrx_word' id='word_1_8' title='bbox 743 417 773 477; x_wconf 94' lang='lat' dir='ltr'>in</span> <span class='ocrx_word' id='word_1_9' title='bbox 796 417 869 476; x_wconf 87' lang='lat' dir='ltr'>valle</span> <span class='ocrx_word' id='word_1_10' title='bbox 893 408 1028 487; x_wconf 73' lang='lat' dir='ltr'>Quirini.³</span> 
     </span>
     <span class='ocr_line' id='line_1_3' title="bbox 219 495 1046 580; baseline 0 -17"><span class='ocrx_word' id='word_1_11' title='bbox 219 520 293 580; x_wconf 91' lang='lat' dir='ltr'>quae</span> <span class='ocrx_word' id='word_1_12' title='bbox 317 521 404 563; x_wconf 90' lang='lat' dir='ltr'>causa</span> <span class='ocrx_word' id='word_1_13' title='bbox 427 499 537 562; x_wconf 81' lang='lat' dir='ltr'>officii?</span> <span class='ocrx_word' id='word_1_14' title='bbox 557 495 641 580; x_wconf 90' lang='lat' dir='ltr'>‘quid</span> <span class='ocrx_word' id='word_1_15' title='bbox 665 500 803 580; x_wconf 81' lang='lat' dir='ltr'>quaeris?</span> <span class='ocrx_word' id='word_1_16' title='bbox 826 500 911 562; x_wconf 86' lang='lat' dir='ltr'>nubit</span> <span class='ocrx_word' id='word_1_17' title='bbox 934 502 1046 563; x_wconf 90' lang='lat' dir='ltr'>amicus</span> 
     </span>
     <span class='ocr_line' id='line_1_4' title="bbox 220 577 1291 663; baseline 0.001 -17"><span class='ocrx_word' id='word_1_18' title='bbox 220 605 276 647; x_wconf 91' lang='lat' dir='ltr'>nec</span> <span class='ocrx_word' id='word_1_19' title='bbox 297 589 407 649; x_wconf 86' lang='lat' dir='ltr'>multos</span> <span class='ocrx_word' id='word_1_20' title='bbox 429 577 564 647; x_wconf 70' lang='lat' dir='ltr'>adhibet?</span> <span class='ocrx_word' id='word_1_21' title='bbox 613 587 699 648; x_wconf 89' lang='lat' dir='ltr'>liceat</span> <span class='ocrx_word' id='word_1_22' title='bbox 722 588 810 647; x_wconf 88' lang='lat' dir='ltr'>modo</span> <span class='ocrx_word' id='word_1_23' title='bbox 834 587 946 647; x_wconf 86' lang='lat' dir='ltr'>vivere:</span> <span class='ocrx_word' id='word_1_24' title='bbox 969 588 1051 663; x_wconf 87' lang='lat' dir='ltr'>fient,</span> <span class='ocrx_word' id='word_1_25' title='bbox 1251 597 1291 648; x_wconf 77' lang='grc'>105</span> 
     </span>
     <span class='ocr_line' id='line_1_5' title="bbox 218 672 972 752; baseline 0.001 -21"><span class='ocrx_word' id='word_1_26' title='bbox 218 673 291 732; x_wconf 81' lang='lat' dir='ltr'>sient</span> <span class='ocrx_word' id='word_1_27' title='bbox 313 673 367 733; x_wconf 90' lang='lat' dir='ltr'>ista</span> <span class='ocrx_word' id='word_1_28' title='bbox 390 673 496 752; x_wconf 90' lang='lat' dir='ltr'>palam,</span> <span class='ocrx_word' id='word_1_29' title='bbox 519 672 643 751; x_wconf 91' lang='lat' dir='ltr'>cupient</span> <span class='ocrx_word' id='word_1_30' title='bbox 666 672 746 733; x_wconf 89' lang='lat' dir='ltr'>etin</span> <span class='ocrx_word' id='word_1_31' title='bbox 770 680 835 732; x_wconf 86' lang='lat' dir='ltr'>acta</span> <span class='ocrx_word' id='word_1_32' title='bbox 858 672 972 732; x_wconf 84' lang='lat' dir='ltr'>referri.</span> 
     </span>
     <span class='ocr_line' id='line_1_6' title="bbox 218 756 1007 836; baseline 0.003 -20"><span class='ocrx_word' id='word_1_33' title='bbox 218 756 330 818; x_wconf 90' lang='lat' dir='ltr'>interea</span> <span class='ocrx_word' id='word_1_34' title='bbox 352 766 535 818; x_wconf 90' lang='lat' dir='ltr'>tormentum</span> <span class='ocrx_word' id='word_1_35' title='bbox 558 759 665 836; x_wconf 90' lang='lat' dir='ltr'>ingens</span> <span class='ocrx_word' id='word_1_36' title='bbox 688 756 873 818; x_wconf 80' lang='lat' dir='ltr'>nubentibus</span> <span class='ocrx_word' id='word_1_37' title='bbox 894 758 1007 832; x_wconf 80' lang='lat' dir='ltr'>haeret,</span> 
     </span>
     <span class='ocr_line' id='line_1_7' title="bbox 218 842 1065 922; baseline 0.002 -20"><span class='ocrx_word' id='word_1_38' title='bbox 218 843 297 921; x_wconf 94' lang='lat' dir='ltr'>quod</span> <span class='ocrx_word' id='word_1_39' title='bbox 323 850 472 921; x_wconf 85' lang='lat' dir='ltr'><strong>nequeant</strong></span> <span class='ocrx_word' id='word_1_40' title='bbox 494 861 599 921; x_wconf 88' lang='lat' dir='ltr'>parere</span> <span class='ocrx_word' id='word_1_41' title='bbox 622 851 651 903; x_wconf 90' lang='lat' dir='ltr'>et</span> <span class='ocrx_word' id='word_1_42' title='bbox 672 850 759 922; x_wconf 92' lang='lat' dir='ltr'>partu</span> <span class='ocrx_word' id='word_1_43' title='bbox 782 843 912 902; x_wconf 86' lang='lat' dir='ltr'>retinere</span> <span class='ocrx_word' id='word_1_44' title='bbox 935 842 1065 904; x_wconf 92' lang='lat' dir='ltr'>maritos.</span> 
     </span>
     <span class='ocr_line' id='line_1_8' title="bbox 217 927 1002 1006; baseline 0 -18"><span class='ocrx_word' id='word_1_45' title='bbox 217 928 268 988; x_wconf 90' lang='lat' dir='ltr'>sed</span> <span class='ocrx_word' id='word_1_46' title='bbox 292 928 405 1001; x_wconf 89' lang='lat' dir='ltr'>melius,</span> <span class='ocrx_word' id='word_1_47' title='bbox 429 929 508 1006; x_wconf 94' lang='lat' dir='ltr'>quod</span> <span class='ocrx_word' id='word_1_48' title='bbox 531 928 574 987; x_wconf 92' lang='lat' dir='ltr'>nil</span> <span class='ocrx_word' id='word_1_49' title='bbox 597 928 703 988; x_wconf 90' lang='lat' dir='ltr'>animis</span> <span class='ocrx_word' id='word_1_50' title='bbox 726 927 755 987; x_wconf 93' lang='lat' dir='ltr'>in</span> <span class='ocrx_word' id='word_1_51' title='bbox 779 945 906 1006; x_wconf 92' lang='lat' dir='ltr'>corpora</span> <span class='ocrx_word' id='word_1_52' title='bbox 929 927 1002 988; x_wconf 91' lang='lat' dir='ltr'>iuris</span> 
     </span>
     <span class='ocr_line' id='line_1_9' title="bbox 218 1012 1291 1092; baseline -0.001 -19"><span class='ocrx_word' id='word_1_53' title='bbox 218 1021 322 1074; x_wconf 93' lang='lat' dir='ltr'>natura</span> <span class='ocrx_word' id='word_1_54' title='bbox 346 1013 495 1092; x_wconf 81' lang='lat' dir='ltr'>indulget:</span> <span class='ocrx_word' id='word_1_55' title='bbox 518 1012 633 1073; x_wconf 90' lang='lat' dir='ltr'>steriles</span> <span class='ocrx_word' id='word_1_56' title='bbox 656 1013 834 1086; x_wconf 90' lang='lat' dir='ltr'>moriuntur,</span> <span class='ocrx_word' id='word_1_57' title='bbox 858 1021 888 1072; x_wconf 93' lang='lat' dir='ltr'>et</span> <span class='ocrx_word' id='word_1_58' title='bbox 909 1012 966 1073; x_wconf 90' lang='lat' dir='ltr'>illis</span> <span class='ocrx_word' id='word_1_59' title='bbox 1251 1022 1291 1073; x_wconf 86' lang='grc'>140</span> 
     </span>
     <span class='ocr_line' id='line_1_10' title="bbox 216 1097 944 1177; baseline 0.003 -22"><span class='ocrx_word' id='word_1_60' title='bbox 216 1098 333 1177; x_wconf 91' lang='lat' dir='ltr'>turgida</span> <span class='ocrx_word' id='word_1_61' title='bbox 356 1116 418 1158; x_wconf 92' lang='lat' dir='ltr'>non</span> <span class='ocrx_word' id='word_1_62' title='bbox 441 1097 563 1176; x_wconf 85' lang='lat' dir='ltr'>prodest</span> <span class='ocrx_word' id='word_1_63' title='bbox 585 1098 705 1158; x_wconf 87' lang='lat' dir='ltr'>condita</span> <span class='ocrx_word' id='word_1_64' title='bbox 727 1097 833 1176; x_wconf 80' lang='lat' dir='ltr'>pyxide</span> <span class='ocrx_word' id='word_1_65' title='bbox 856 1097 944 1176; x_wconf 78' lang='lat' dir='ltr'>Lyde,</span> 
     </span>
     <span class='ocr_line' id='line_1_11' title="bbox 218 1182 962 1263; baseline 0 -21"><span class='ocrx_word' id='word_1_66' title='bbox 218 1202 273 1244; x_wconf 91' lang='lat' dir='ltr'>nec</span> <span class='ocrx_word' id='word_1_67' title='bbox 296 1185 416 1262; x_wconf 91' lang='lat' dir='ltr'>prodest</span> <span class='ocrx_word' id='word_1_68' title='bbox 439 1183 506 1263; x_wconf 90' lang='lat' dir='ltr'>agili</span> <span class='ocrx_word' id='word_1_69' title='bbox 529 1183 641 1261; x_wconf 92' lang='lat' dir='ltr'>palmas</span> <span class='ocrx_word' id='word_1_70' title='bbox 664 1182 807 1261; x_wconf 94' lang='lat' dir='ltr'>praebere</span> <span class='ocrx_word' id='word_1_71' title='bbox 829 1183 962 1261; x_wconf 91' lang='lat' dir='ltr'>luperco.</span> 
     </span>
     <span class='ocr_line' id='line_1_12' title="bbox 216 1267 1049 1341; baseline -0.002 -13"><span class='ocrx_word' id='word_1_72' title='bbox 216 1268 284 1328; x_wconf 88' lang='lat' dir='ltr'>vicit</span> <span class='ocrx_word' id='word_1_73' title='bbox 307 1277 336 1329; x_wconf 91' lang='lat' dir='ltr'>et</span> <span class='ocrx_word' id='word_1_74' title='bbox 357 1269 415 1329; x_wconf 90' lang='lat' dir='ltr'>hoc</span> <span class='ocrx_word' id='word_1_75' title='bbox 437 1276 606 1329; x_wconf 90' lang='lat' dir='ltr'>monstrum</span> <span class='ocrx_word' id='word_1_76' title='bbox 628 1268 753 1329; x_wconf 91' lang='lat' dir='ltr'>tunicati</span> <span class='ocrx_word' id='word_1_77' title='bbox 776 1267 891 1329; x_wconf 90' lang='lat' dir='ltr'>luscina</span> <span class='ocrx_word' id='word_1_78' title='bbox 914 1267 1049 1341; x_wconf 83' lang='lat' dir='ltr'><strong>Gracchi,</strong></span> 
     </span>
     <span class='ocr_line' id='line_1_13' title="bbox 215 1352 974 1432; baseline 0 -20"><span class='ocrx_word' id='word_1_79' title='bbox 215 1352 406 1432; x_wconf 80' lang='lat' dir='ltr'>lustravitque</span> <span class='ocrx_word' id='word_1_80' title='bbox 428 1354 496 1432; x_wconf 86' lang='lat' dir='ltr'>luga</span> <span class='ocrx_word' id='word_1_81' title='bbox 519 1353 645 1414; x_wconf 89' lang='lat' dir='ltr'>mediam</span> <span class='ocrx_word' id='word_1_82' title='bbox 668 1352 811 1432; x_wconf 86' lang='lat' dir='ltr'>gladiator</span> <span class='ocrx_word' id='word_1_83' title='bbox 832 1353 974 1413; x_wconf 91' lang='lat' dir='ltr'>harenam</span> 
     </span>
     <span class='ocr_line' id='line_1_14' title="bbox 216 1437 855 1519; baseline 0 -20"><span class='ocrx_word' id='word_1_84' title='bbox 216 1448 245 1499; x_wconf 89' lang='lat' dir='ltr'>et</span> <span class='ocrx_word' id='word_1_85' title='bbox 268 1438 440 1519; x_wconf 83' lang='lat' dir='ltr'>Capitolinis</span> <span class='ocrx_word' id='word_1_86' title='bbox 462 1439 637 1517; x_wconf 85' lang='lat' dir='ltr'>generosior</span> <span class='ocrx_word' id='word_1_87' title='bbox 659 1447 689 1499; x_wconf 89' lang='lat' dir='ltr'>et</span> <span class='ocrx_word' id='word_1_88' title='bbox 711 1437 855 1499; x_wconf 90' lang='lat' dir='ltr'>Marcellis</span> 
     </span>
     <span class='ocr_line' id='line_1_15' title="bbox 215 1522 941 1602; baseline -0.003 -18"><span class='ocrx_word' id='word_1_89' title='bbox 215 1532 244 1584; x_wconf 92' lang='lat' dir='ltr'>et</span> <span class='ocrx_word' id='word_1_90' title='bbox 267 1523 360 1584; x_wconf 88' lang='lat' dir='ltr'>Catuli</span> <span class='ocrx_word' id='word_1_91' title='bbox 384 1523 526 1602; x_wconf 86' lang='lat' dir='ltr'>Paulique</span> <span class='ocrx_word' id='word_1_92' title='bbox 548 1522 716 1585; x_wconf 90' lang='lat' dir='ltr'>minoribus</span> <span class='ocrx_word' id='word_1_93' title='bbox 738 1531 767 1583; x_wconf 85' lang='lat' dir='ltr'>et</span> <span class='ocrx_word' id='word_1_94' title='bbox 790 1522 888 1584; x_wconf 85' lang='lat' dir='ltr'>Fabiis</span> <span class='ocrx_word' id='word_1_95' title='bbox 911 1531 941 1583; x_wconf 92' lang='lat' dir='ltr'>et</span> 
     </span>
     <span class='ocr_line' id='line_1_16' title="bbox 215 1607 1069 1687; baseline 0 -19"><span class='ocrx_word' id='word_1_96' title='bbox 215 1608 353 1670; x_wconf 92' lang='lat' dir='ltr'>omnibus</span> <span class='ocrx_word' id='word_1_97' title='bbox 376 1607 411 1668; x_wconf 91' lang='lat' dir='ltr'>ad</span> <span class='ocrx_word' id='word_1_98' title='bbox 434 1609 555 1687; x_wconf 93' lang='lat' dir='ltr'>podium</span> <span class='ocrx_word' id='word_1_99' title='bbox 578 1608 790 1687; x_wconf 88' lang='lat' dir='ltr'>spectantibus,</span> <span class='ocrx_word' id='word_1_100' title='bbox 813 1608 860 1669; x_wconf 91' lang='lat' dir='ltr'>his</span> <span class='ocrx_word' id='word_1_101' title='bbox 882 1608 951 1669; x_wconf 89' lang='lat' dir='ltr'>licet</span> <span class='ocrx_word' id='word_1_102' title='bbox 972 1608 1069 1687; x_wconf 93' lang='lat' dir='ltr'>ipsum</span> 
     </span>
     <span class='ocr_line' id='line_1_17' title="bbox 214 1692 922 1756; baseline 0.006 -4"><span class='ocrx_word' id='word_1_103' title='bbox 214 1695 368 1755; x_wconf 88' lang='lat' dir='ltr'>admoveas</span> <span class='ocrx_word' id='word_1_104' title='bbox 391 1693 475 1755; x_wconf 92' lang='lat' dir='ltr'>cuius</span> <span class='ocrx_word' id='word_1_105' title='bbox 496 1702 570 1754; x_wconf 89' lang='lat' dir='ltr'>tunc</span> <span class='ocrx_word' id='word_1_106' title='bbox 592 1711 716 1755; x_wconf 92' lang='lat' dir='ltr'>munere</span> <span class='ocrx_word' id='word_1_107' title='bbox 739 1693 812 1753; x_wconf 90' lang='lat' dir='ltr'>retia</span> <span class='ocrx_word' id='word_1_108' title='bbox 835 1692 922 1756; x_wconf 85' lang='lat' dir='ltr'>misit.</span> 
     </span>
     <span class='ocr_line' id='line_1_18' title="bbox 258 1776 968 1856; baseline -0.003 -17"><span class='ocrx_word' id='word_1_109' title='bbox 258 1797 323 1839; x_wconf 90' lang='lat' dir='ltr'>esse</span> <span class='ocrx_word' id='word_1_110' title='bbox 346 1778 460 1856; x_wconf 93' lang='lat' dir='ltr'>aliquos</span> <span class='ocrx_word' id='word_1_111' title='bbox 483 1796 586 1840; x_wconf 89' lang='lat' dir='ltr'>manes</span> <span class='ocrx_word' id='word_1_112' title='bbox 608 1787 637 1838; x_wconf 89' lang='lat' dir='ltr'>et</span> <span class='ocrx_word' id='word_1_113' title='bbox 660 1776 854 1838; x_wconf 90' lang='lat' dir='ltr'>subterranea</span> <span class='ocrx_word' id='word_1_114' title='bbox 877 1795 968 1855; x_wconf 87' lang='lat' dir='ltr'>regna</span> 
     </span>
     <span class='ocr_line' id='line_1_19' title="bbox 214 1863 1288 1943; baseline -0.003 -20"><span class='ocrx_word' id='word_1_115' title='bbox 214 1871 243 1923; x_wconf 85' lang='lat' dir='ltr'>et</span> <span class='ocrx_word' id='word_1_116' title='bbox 266 1872 389 1926; x_wconf 92' lang='lat' dir='ltr'>contum</span> <span class='ocrx_word' id='word_1_117' title='bbox 412 1871 441 1923; x_wconf 94' lang='lat' dir='ltr'>et</span> <span class='ocrx_word' id='word_1_118' title='bbox 463 1864 564 1943; x_wconf 82' lang='lat' dir='ltr'>Stygio</span> <span class='ocrx_word' id='word_1_119' title='bbox 587 1881 674 1924; x_wconf 89' lang='lat' dir='ltr'>ranas</span> <span class='ocrx_word' id='word_1_120' title='bbox 697 1863 728 1923; x_wconf 91' lang='lat' dir='ltr'>in</span> <span class='ocrx_word' id='word_1_121' title='bbox 751 1863 868 1942; x_wconf 83' lang='lat' dir='ltr'>gurgite</span> <span class='ocrx_word' id='word_1_122' title='bbox 892 1863 992 1941; x_wconf 91' lang='lat' dir='ltr'>nigras</span> <span class='ocrx_word' id='word_1_123' title='bbox 1249 1871 1288 1921; x_wconf 80' lang='grc'>150</span> 
     </span>
    </p>
   </div>
   <div class='ocr_carea' id='block_1_3' title="bbox 212 2034 1288 2109">
    <p class='ocr_par' dir='ltr' id='par_1_3' title="bbox 212 2034 1288 2109">
     <span class='ocr_line' id='line_1_20' title="bbox 212 2034 1288 2109; baseline -0.002 -19"><span class='ocrx_word' id='word_1_124' title='bbox 212 2052 276 2108; x_wconf 87' lang='lat' dir='ltr'>ager</span> <span class='ocrx_word' id='word_1_125' title='bbox 298 2034 426 2109; x_wconf 82' lang='lat' dir='ltr'>Tarquini</span> <span class='ocrx_word' id='word_1_126' title='bbox 455 2035 564 2108; x_wconf 89' lang='lat' dir='ltr'>superbi</span> <span class='ocrx_word' id='word_1_127' title='bbox 592 2035 657 2099; x_wconf 85' lang='lat' dir='ltr'>luit,</span> <span class='ocrx_word' id='word_1_128' title='bbox 692 2044 719 2092; x_wconf 92' lang='lat' dir='ltr'>et</span> <span class='ocrx_word' id='word_1_129' title='bbox 748 2052 797 2108; x_wconf 91' lang='lat' dir='ltr'>pro</span> <span class='ocrx_word' id='word_1_130' title='bbox 826 2035 896 2092; x_wconf 91' lang='lat' dir='ltr'>illius</span> <span class='ocrx_word' id='word_1_131' title='bbox 924 2034 988 2109; x_wconf 86' lang='lat' dir='ltr'>fuga</span> <span class='ocrx_word' id='word_1_132' title='bbox 1011 2034 1086 2091; x_wconf 89' lang='lat' dir='ltr'>blarti</span> <span class='ocrx_word' id='word_1_133' title='bbox 1115 2042 1288 2090; x_wconf 79' lang='lat' dir='ltr'>consecratus</span> 
     </span>
    </p>
   </div>
   <div class='ocr_carea' id='block_1_4' title="bbox 205 2118 1287 3726">
    <p class='ocr_par' dir='ltr' id='par_1_4' title="bbox 208 2118 1287 2960">
     <span class='ocr_line' id='line_1_21' title="bbox 213 2118 1287 2194; baseline -0.004 -18"><span class='ocrx_word' id='word_1_134' title='bbox 213 2120 300 2176; x_wconf 87' lang='lat' dir='ltr'>dietus</span> <span class='ocrx_word' id='word_1_135' title='bbox 323 2130 364 2176; x_wconf 83' lang='lat' dir='ltr'>est</span> <span class='ocrx_word' id='word_1_136' title='bbox 386 2120 494 2177; x_wconf 86' lang='lat' dir='ltr'>Martius</span> <span class='ocrx_word' id='word_1_137' title='bbox 517 2137 635 2194; x_wconf 90' lang='lat' dir='ltr'>campus.</span> <span class='ocrx_word' id='word_1_138' title='bbox 740 2122 798 2179; x_wconf 88' lang='grc'>133</span> <span class='ocrx_word' id='word_1_139' title='bbox 822 2121 848 2176; x_wconf 95' lang='lat' dir='ltr'>in</span> <span class='ocrx_word' id='word_1_140' title='bbox 871 2119 938 2177; x_wconf 88' lang='lat' dir='ltr'>valle</span> <span class='ocrx_word' id='word_1_141' title='bbox 961 2119 1029 2176; x_wconf 93' lang='lat' dir='ltr'>colle</span> <span class='ocrx_word' id='word_1_142' title='bbox 1052 2119 1164 2187; x_wconf 82' lang='lat' dir='ltr'>Quirini.</span> <span class='ocrx_word' id='word_1_143' title='bbox 1187 2119 1221 2174; x_wconf 94' lang='lat' dir='ltr'>ad</span> <span class='ocrx_word' id='word_1_144' title='bbox 1243 2118 1287 2172; x_wconf 91' lang='lat' dir='ltr'>in-</span> 
     </span>
     <span class='ocr_line' id='line_1_22' title="bbox 211 2204 1287 2279; baseline 0 -22"><span class='ocrx_word' id='word_1_145' title='bbox 211 2204 307 2260; x_wconf 90' lang='lat' dir='ltr'>vidiam</span> <span class='ocrx_word' id='word_1_146' title='bbox 329 2204 393 2261; x_wconf 85' lang='lat' dir='ltr'>dixit</span> <span class='ocrx_word' id='word_1_147' title='bbox 414 2205 441 2260; x_wconf 92' lang='lat' dir='ltr'>in</span> <span class='ocrx_word' id='word_1_148' title='bbox 463 2205 543 2261; x_wconf 89' lang='lat' dir='ltr'>valle.</span> <span class='ocrx_word' id='word_1_149' title='bbox 655 2208 710 2262; x_wconf 91' lang='grc'>141</span> <span class='ocrx_word' id='word_1_150' title='bbox 737 2205 770 2262; x_wconf 90' lang='lat' dir='ltr'>de</span> <span class='ocrx_word' id='word_1_151' title='bbox 792 2205 882 2279; x_wconf 83' lang='lat' dir='ltr'>Lydia,</span> <span class='ocrx_word' id='word_1_152' title='bbox 906 2205 979 2262; x_wconf 90' lang='lat' dir='ltr'>unde</span> <span class='ocrx_word' id='word_1_153' title='bbox 1002 2204 1124 2261; x_wconf 78' lang='lat' dir='ltr'>Arachne</span> <span class='ocrx_word' id='word_1_154' title='bbox 1145 2204 1197 2260; x_wconf 87' lang='lat' dir='ltr'>luit</span> <span class='ocrx_word' id='word_1_155' title='bbox 1219 2219 1287 2260; x_wconf 89' lang='lat' dir='ltr'>con-</span> 
     </span>
     <span class='ocr_line' id='line_1_23' title="bbox 211 2289 1286 2364; baseline 0.003 -23"><span class='ocrx_word' id='word_1_156' title='bbox 211 2307 287 2346; x_wconf 91' lang='lat' dir='ltr'>versa</span> <span class='ocrx_word' id='word_1_157' title='bbox 309 2289 336 2345; x_wconf 91' lang='lat' dir='ltr'>in</span> <span class='ocrx_word' id='word_1_158' title='bbox 360 2306 492 2346; x_wconf 89' lang='lat' dir='ltr'>araneam.</span> <span class='ocrx_word' id='word_1_159' title='bbox 514 2290 580 2347; x_wconf 92' lang='lat' dir='ltr'>haec</span> <span class='ocrx_word' id='word_1_160' title='bbox 602 2290 705 2347; x_wconf 87' lang='lat' dir='ltr'>inclusa</span> <span class='ocrx_word' id='word_1_161' title='bbox 726 2290 754 2345; x_wconf 91' lang='lat' dir='ltr'>in</span> <span class='ocrx_word' id='word_1_162' title='bbox 776 2291 872 2364; x_wconf 78' lang='lat' dir='ltr'>pyxide</span> <span class='ocrx_word' id='word_1_163' title='bbox 894 2306 1018 2346; x_wconf 88' lang='lat' dir='ltr'>araneam</span> <span class='ocrx_word' id='word_1_164' title='bbox 1039 2290 1115 2347; x_wconf 86' lang='lat' dir='ltr'>texit.</span> <span class='ocrx_word' id='word_1_165' title='bbox 1137 2306 1205 2363; x_wconf 88' lang='lat' dir='ltr'>quae</span> <span class='ocrx_word' id='word_1_166' title='bbox 1220 2305 1286 2363; x_wconf 92' lang='lat' dir='ltr'>per-</span> 
     </span>
     <span class='ocr_line' id='line_1_24' title="bbox 210 2373 1287 2449; baseline 0 -19"><span class='ocrx_word' id='word_1_167' title='bbox 210 2376 291 2431; x_wconf 82' lang='lat' dir='ltr'>mixta</span> <span class='ocrx_word' id='word_1_168' title='bbox 313 2377 390 2449; x_wconf 83' lang='lat' dir='ltr'>potui</span> <span class='ocrx_word' id='word_1_169' title='bbox 412 2375 554 2432; x_wconf 86' lang='lat' dir='ltr'>fecundam</span> <span class='ocrx_word' id='word_1_170' title='bbox 576 2375 716 2433; x_wconf 87' lang='lat' dir='ltr'>mulierem</span> <span class='ocrx_word' id='word_1_171' title='bbox 738 2375 771 2432; x_wconf 92' lang='lat' dir='ltr'>de</span> <span class='ocrx_word' id='word_1_172' title='bbox 793 2375 877 2432; x_wconf 90' lang='lat' dir='ltr'>sterili</span> <span class='ocrx_word' id='word_1_173' title='bbox 899 2375 972 2432; x_wconf 86' lang='grc'><strong>11111.</strong></span> <span class='ocrx_word' id='word_1_174' title='bbox 1088 2374 1193 2448; x_wconf 85' lang='lat' dir='ltr'>turgida</span> <span class='ocrx_word' id='word_1_175' title='bbox 1217 2373 1287 2430; x_wconf 91' lang='lat' dir='ltr'>allu-</span> 
     </span>
     <span class='ocr_line' id='line_1_25' title="bbox 211 2460 1283 2535; baseline 0 -19"><span class='ocrx_word' id='word_1_176' title='bbox 211 2460 285 2516; x_wconf 90' lang='lat' dir='ltr'>dens.</span> <span class='ocrx_word' id='word_1_177' title='bbox 309 2477 396 2517; x_wconf 89' lang='lat' dir='ltr'>crassa</span> <span class='ocrx_word' id='word_1_178' title='bbox 420 2460 576 2534; x_wconf 91' lang='lat' dir='ltr'>simpliciter</span> <span class='ocrx_word' id='word_1_179' title='bbox 598 2461 807 2535; x_wconf 86' lang='lat' dir='ltr'>intellegendum</span> <span class='ocrx_word' id='word_1_180' title='bbox 831 2470 871 2517; x_wconf 91' lang='lat' dir='ltr'>est</span> <span class='ocrx_word' id='word_1_181' title='bbox 893 2469 940 2517; x_wconf 83' lang='lat' dir='ltr'>aut</span> <span class='ocrx_word' id='word_1_182' title='bbox 961 2475 1120 2534; x_wconf 80' lang='lat' dir='ltr'>praegnans</span> <span class='ocrx_word' id='word_1_183' title='bbox 1226 2461 1283 2518; x_wconf 84' lang='lat'>142</span> 
     </span>
     <span class='ocr_line' id='line_1_26' title="bbox 211 2543 1285 2620; baseline -0.002 -19"><span class='ocrx_word' id='word_1_184' title='bbox 211 2545 315 2602; x_wconf 89' lang='lat' dir='ltr'>steriles</span> <span class='ocrx_word' id='word_1_185' title='bbox 338 2546 463 2603; x_wconf 92' lang='lat' dir='ltr'>mulieres</span> <span class='ocrx_word' id='word_1_186' title='bbox 484 2546 672 2604; x_wconf 85' lang='lat' dir='ltr'>februantibus</span> <span class='ocrx_word' id='word_1_187' title='bbox 694 2546 813 2620; x_wconf 82' lang='lat' dir='ltr'>lupercis</span> <span class='ocrx_word' id='word_1_188' title='bbox 843 2564 872 2603; x_wconf 90' lang='lat' dir='ltr'>se</span> <span class='ocrx_word' id='word_1_189' title='bbox 895 2543 1044 2602; x_wconf 82' lang='lat' dir='ltr'>ollerebant</span> <span class='ocrx_word' id='word_1_190' title='bbox 1066 2553 1093 2600; x_wconf 86' lang='lat' dir='ltr'>et</span> <span class='ocrx_word' id='word_1_191' title='bbox 1113 2543 1199 2600; x_wconf 89' lang='lat' dir='ltr'>lerula</span> <span class='ocrx_word' id='word_1_192' title='bbox 1222 2562 1285 2601; x_wconf 90' lang='lat' dir='ltr'>ver·</span> 
     </span>
     <span class='ocr_line' id='line_1_27' title="bbox 209 2629 1282 2705; baseline -0.002 -19"><span class='ocrx_word' id='word_1_193' title='bbox 209 2630 381 2688; x_wconf 83' lang='lat' dir='ltr'>berabaotur.</span> <span class='ocrx_word' id='word_1_194' title='bbox 413 2632 466 2688; x_wconf 89' lang='lat' dir='ltr'>hoc</span> <span class='ocrx_word' id='word_1_195' title='bbox 491 2648 569 2689; x_wconf 89' lang='lat' dir='ltr'>omen</span> <span class='ocrx_word' id='word_1_196' title='bbox 598 2631 674 2705; x_wconf 92' lang='lat' dir='ltr'>sequi</span> <span class='ocrx_word' id='word_1_197' title='bbox 703 2631 772 2687; x_wconf 87' lang='lat' dir='ltr'>infra</span> <span class='ocrx_word' id='word_1_198' title='bbox 801 2639 904 2688; x_wconf 86' lang='lat' dir='ltr'>tectum</span> <span class='ocrx_word' id='word_1_199' title='bbox 932 2629 1009 2686; x_wconf 85' lang='lat' dir='ltr'>multi</span> <span class='ocrx_word' id='word_1_200' title='bbox 1036 2629 1143 2686; x_wconf 91' lang='lat' dir='ltr'>seminis</span> <span class='ocrx_word' id='word_1_201' title='bbox 1167 2630 1282 2686; x_wconf 82' lang='lat' dir='ltr'>creditur</span> 
     </span>
     <span class='ocr_line' id='line_1_28' title="bbox 209 2714 1283 2789; baseline -0.002 -17"><span class='ocrx_word' id='word_1_202' title='bbox 209 2724 364 2773; x_wconf 84' lang='lat' dir='ltr'>contractus</span> <span class='ocrx_word' id='word_1_203' title='bbox 392 2718 425 2772; x_wconf 91' lang='lat' dir='ltr'>ad</span> <span class='ocrx_word' id='word_1_204' title='bbox 452 2716 642 2774; x_wconf 85' lang='lat' dir='ltr'>fecunditatem</span> <span class='ocrx_word' id='word_1_205' title='bbox 671 2716 785 2773; x_wconf 89' lang='lat' dir='ltr'>dandam</span> <span class='ocrx_word' id='word_1_206' title='bbox 807 2715 911 2773; x_wconf 86' lang='lat' dir='ltr'>cunctis</span> <span class='ocrx_word' id='word_1_207' title='bbox 933 2733 983 2789; x_wconf 94' lang='lat' dir='ltr'>per</span> <span class='ocrx_word' id='word_1_208' title='bbox 1004 2715 1144 2773; x_wconf 81' lang='lat' dir='ltr'>civitatem.</span> <span class='ocrx_word' id='word_1_209' title='bbox 1166 2715 1194 2771; x_wconf 92' lang='lat' dir='ltr'>in</span> <span class='ocrx_word' id='word_1_210' title='bbox 1217 2714 1283 2770; x_wconf 92' lang='lat' dir='ltr'>solio</span> 
     </span>
     <span class='ocr_line' id='line_1_29' title="bbox 208 2800 1283 2874; baseline 0 -18"><span class='ocrx_word' id='word_1_211' title='bbox 208 2801 230 2856; x_wconf 93' lang='lat' dir='ltr'>si</span> <span class='ocrx_word' id='word_1_212' title='bbox 253 2818 306 2874; x_wconf 92' lang='lat' dir='ltr'>qua</span> <span class='ocrx_word' id='word_1_213' title='bbox 327 2811 390 2874; x_wconf 86' lang='lat' dir='ltr'>post</span> <span class='ocrx_word' id='word_1_214' title='bbox 410 2802 497 2874; x_wconf 92' lang='lat' dir='ltr'>ipsum</span> <span class='ocrx_word' id='word_1_215' title='bbox 520 2801 702 2867; x_wconf 88' lang='lat' dir='ltr'>descenderit,</span> <span class='ocrx_word' id='word_1_216' title='bbox 730 2802 817 2857; x_wconf 85' lang='lat' dir='ltr'>statim</span> <span class='ocrx_word' id='word_1_217' title='bbox 847 2801 974 2874; x_wconf 88' lang='lat' dir='ltr'>concipit.</span> <span class='ocrx_word' id='word_1_218' title='bbox 1102 2800 1203 2874; x_wconf 92' lang='lat' dir='ltr'>palmas</span> <span class='ocrx_word' id='word_1_219' title='bbox 1224 2800 1283 2858; x_wconf 92' lang='lat' dir='ltr'>ideo</span> 
     </span>
     <span class='ocr_line' id='line_1_30' title="bbox 208 2885 1208 2960; baseline 0.001 -21"><span class='ocrx_word' id='word_1_220' title='bbox 208 2885 270 2940; x_wconf 82' lang='lat' dir='ltr'>dicit</span> <span class='ocrx_word' id='word_1_221' title='bbox 293 2886 355 2959; x_wconf 92' lang='lat' dir='ltr'>quia</span> <span class='ocrx_word' id='word_1_222' title='bbox 377 2895 424 2942; x_wconf 86' lang='lat' dir='ltr'>aut</span> <span class='ocrx_word' id='word_1_223' title='bbox 446 2895 564 2942; x_wconf 84' lang='lat' dir='ltr'>catomos</span> <span class='ocrx_word' id='word_1_224' title='bbox 587 2885 755 2942; x_wconf 88' lang='lat' dir='ltr'>laetabantur</span> <span class='ocrx_word' id='word_1_225' title='bbox 776 2895 822 2942; x_wconf 89' lang='lat' dir='ltr'>aut</span> <span class='ocrx_word' id='word_1_226' title='bbox 844 2887 906 2960; x_wconf 91' lang='lat' dir='ltr'>quia</span> <span class='ocrx_word' id='word_1_227' title='bbox 927 2885 1051 2942; x_wconf 90' lang='lat' dir='ltr'>manibus</span> <span class='ocrx_word' id='word_1_228' title='bbox 1073 2886 1208 2960; x_wconf 82' lang='lat' dir='ltr'>vapulant.</span> 
     </span>
    </p>

    <p class='ocr_par' dir='ltr' id='par_1_5' title="bbox 205 2970 1283 3726">
     <span class='ocr_line' id='line_1_31' title="bbox 297 2970 1282 3045; baseline 0 -20"><span class='ocrx_word' id='word_1_229' title='bbox 297 2971 354 3026; x_wconf 89' lang='grc'>143</span> <span class='ocrx_word' id='word_1_230' title='bbox 378 2970 425 3043; x_wconf 90' lang='lat' dir='ltr'>qui</span> <span class='ocrx_word' id='word_1_231' title='bbox 447 2979 508 3042; x_wconf 83' lang='lat' dir='ltr'>toga</span> <span class='ocrx_word' id='word_1_232' title='bbox 539 2971 674 3044; x_wconf 89' lang='lat' dir='ltr'>deposita,</span> <span class='ocrx_word' id='word_1_233' title='bbox 709 2987 761 3045; x_wconf 90' lang='lat' dir='ltr'>qua</span> <span class='ocrx_word' id='word_1_234' title='bbox 790 2971 936 3029; x_wconf 89' lang='lat' dir='ltr'>utebantur</span> <span class='ocrx_word' id='word_1_235' title='bbox 964 2970 1117 3035; x_wconf 84' lang='lat' dir='ltr'>senatores,</span> <span class='ocrx_word' id='word_1_236' title='bbox 1148 2980 1282 3044; x_wconf 90' lang='lat' dir='ltr'>tamquam</span> 
     </span>
     <span class='ocr_line' id='line_1_32' title="bbox 207 3053 1282 3130; baseline 0.001 -21"><span class='ocrx_word' id='word_1_237' title='bbox 207 3053 302 3110; x_wconf 84' lang='lat' dir='ltr'>lanista</span> <span class='ocrx_word' id='word_1_238' title='bbox 324 3055 415 3110; x_wconf 89' lang='lat' dir='ltr'>tunica</span> <span class='ocrx_word' id='word_1_239' title='bbox 436 3055 572 3111; x_wconf 85' lang='lat' dir='ltr'>utebatur.</span> <span class='ocrx_word' id='word_1_240' title='bbox 698 3059 758 3114; x_wconf 90' lang='grc'>144</span> <span class='ocrx_word' id='word_1_241' title='bbox 782 3056 892 3114; x_wconf 87' lang='lat' dir='ltr'>Gracchi</span> <span class='ocrx_word' id='word_1_242' title='bbox 914 3056 984 3113; x_wconf 90' lang='lat' dir='ltr'>filius</span> <span class='ocrx_word' id='word_1_243' title='bbox 1007 3056 1100 3113; x_wconf 91' lang='lat' dir='ltr'>babitu</span> <span class='ocrx_word' id='word_1_244' title='bbox 1122 3055 1282 3130; x_wconf 86' lang='lat' dir='ltr'>gladiatores</span> 
     </span>
     <span class='ocr_line' id='line_1_33' title="bbox 206 3139 1283 3215; baseline 0.001 -21"><span class='ocrx_word' id='word_1_245' title='bbox 206 3139 367 3214; x_wconf 89' lang='lat' dir='ltr'>plerumque</span> <span class='ocrx_word' id='word_1_246' title='bbox 387 3140 419 3196; x_wconf 91' lang='lat' dir='ltr'>ad</span> <span class='ocrx_word' id='word_1_247' title='bbox 442 3139 575 3196; x_wconf 78' lang='lat' dir='ltr'>infamiam</span> <span class='ocrx_word' id='word_1_248' title='bbox 596 3141 736 3215; x_wconf 90' lang='lat' dir='ltr'>aequabat.</span> <span class='ocrx_word' id='word_1_249' title='bbox 758 3142 882 3200; x_wconf 83' lang='lat' dir='ltr'>retiarius</span> <span class='ocrx_word' id='word_1_250' title='bbox 904 3143 974 3198; x_wconf 92' lang='lat' dir='ltr'>enim</span> <span class='ocrx_word' id='word_1_251' title='bbox 996 3141 1055 3198; x_wconf 86' lang='lat' dir='ltr'>luit.</span> <span class='ocrx_word' id='word_1_252' title='bbox 1145 3144 1203 3198; x_wconf 86' lang='grc'>147</span> <span class='ocrx_word' id='word_1_253' title='bbox 1229 3157 1283 3196; x_wconf 93' lang='lat' dir='ltr'>no-</span> 
     </span>
     <span class='ocr_line' id='line_1_34' title="bbox 206 3224 1281 3302; baseline 0 -21"><span class='ocrx_word' id='word_1_254' title='bbox 206 3224 320 3295; x_wconf 86' lang='lat' dir='ltr'>bilibus,</span> <span class='ocrx_word' id='word_1_255' title='bbox 351 3242 406 3281; x_wconf 91' lang='lat' dir='ltr'>non</span> <span class='ocrx_word' id='word_1_256' title='bbox 429 3225 537 3282; x_wconf 88' lang='lat' dir='ltr'>Neroni.</span> <span class='ocrx_word' id='word_1_257' title='bbox 567 3242 628 3282; x_wconf 90' lang='lat' dir='ltr'>nam</span> <span class='ocrx_word' id='word_1_258' title='bbox 650 3228 721 3283; x_wconf 90' lang='lat' dir='ltr'>Nero</span> <span class='ocrx_word' id='word_1_259' title='bbox 750 3227 855 3300; x_wconf 90' lang='lat' dir='ltr'>etipse</span> <span class='ocrx_word' id='word_1_260' title='bbox 877 3227 1097 3302; x_wconf 87' lang='lat' dir='ltr'>pugnavitinter</span> <span class='ocrx_word' id='word_1_261' title='bbox 1119 3225 1281 3300; x_wconf 89' lang='lat' dir='ltr'>gladiatores</span> 
     </span>
     <span class='ocr_line' id='line_1_35' title="bbox 207 3309 1280 3383; baseline 0 -15"><span class='ocrx_word' id='word_1_262' title='bbox 207 3321 234 3368; x_wconf 86' lang='lat' dir='ltr'>et</span> <span class='ocrx_word' id='word_1_263' title='bbox 256 3310 372 3367; x_wconf 86' lang='lat' dir='ltr'>cantavit</span> <span class='ocrx_word' id='word_1_264' title='bbox 392 3311 420 3366; x_wconf 93' lang='lat' dir='ltr'>in</span> <span class='ocrx_word' id='word_1_265' title='bbox 443 3328 537 3368; x_wconf 87' lang='lat' dir='ltr'>scaena</span> <span class='ocrx_word' id='word_1_266' title='bbox 560 3312 587 3368; x_wconf 92' lang='lat' dir='ltr'>in</span> <span class='ocrx_word' id='word_1_267' title='bbox 611 3311 702 3368; x_wconf 89' lang='lat' dir='ltr'>habitu</span> <span class='ocrx_word' id='word_1_268' title='bbox 725 3312 871 3370; x_wconf 87' lang='lat' dir='ltr'>citharoedi</span> <span class='ocrx_word' id='word_1_269' title='bbox 894 3321 920 3369; x_wconf 92' lang='lat' dir='ltr'>et</span> <span class='ocrx_word' id='word_1_270' title='bbox 942 3312 1033 3383; x_wconf 91' lang='lat' dir='ltr'>auriga</span> <span class='ocrx_word' id='word_1_271' title='bbox 1055 3309 1115 3365; x_wconf 91' lang='lat' dir='ltr'>luit.</span> <span class='ocrx_word' id='word_1_272' title='bbox 1222 3311 1280 3368; x_wconf 88' lang='grc'>148</span> 
     </span>
     <span class='ocr_line' id='line_1_36' title="bbox 206 3389 1281 3473; baseline 0.003 -19"><span class='ocrx_word' id='word_1_273' title='bbox 206 3397 268 3471; x_wconf 91' lang='lat' dir='ltr'>quia</span> <span class='ocrx_word' id='word_1_274' title='bbox 291 3407 317 3454; x_wconf 96' lang='grc'>11</span> <span class='ocrx_word' id='word_1_275' title='bbox 341 3397 475 3453; x_wconf 82' lang='lat' dir='ltr'>Gracchus</span> <span class='ocrx_word' id='word_1_276' title='bbox 497 3397 585 3453; x_wconf 87' lang='lat' dir='ltr'>minor</span> <span class='ocrx_word' id='word_1_277' title='bbox 608 3398 745 3472; x_wconf 87' lang='lat' dir='ltr'>pugnavit.</span> <span class='ocrx_word' id='word_1_278' title='bbox 831 3400 888 3455; x_wconf 84' lang='lat'>149</span> <span class='ocrx_word' id='word_1_279' title='bbox 914 3413 972 3452; x_wconf 89' lang='lat' dir='ltr'>esse</span> <span class='ocrx_word' id='word_1_280' title='bbox 994 3395 1108 3468; x_wconf 89' lang='lat' dir='ltr'>aliquos.</span> <span class='ocrx_word' id='word_1_281' title='bbox 1132 3389 1281 3473; x_wconf 75' lang='grc' dir='ltr'><strong><em>ἐκφώνη·</em></strong></span> 
     </span>
     <span class='ocr_line' id='line_1_37' title="bbox 207 3473 1280 3557; baseline -0.007 -14"><span class='ocrx_word' id='word_1_282' title='bbox 207 3497 262 3555; x_wconf 86' lang='grc' dir='ltr'><strong><em>σις.</em></strong></span> <span class='ocrx_word' id='word_1_283' title='bbox 369 3485 427 3541; x_wconf 91' lang='grc'>150</span> <span class='ocrx_word' id='word_1_284' title='bbox 452 3493 478 3539; x_wconf 92' lang='grc'>11</span> <span class='ocrx_word' id='word_1_285' title='bbox 499 3491 623 3557; x_wconf 84' lang='lat' dir='ltr'>pontum.</span> <span class='ocrx_word' id='word_1_286' title='bbox 647 3484 721 3556; x_wconf 89' lang='lat' dir='ltr'>Virg.</span> <span class='ocrx_word' id='word_1_287' title='bbox 743 3478 824 3556; x_wconf 80' lang='lat' dir='ltr'>[den.</span> <span class='ocrx_word' id='word_1_288' title='bbox 849 3484 877 3546; x_wconf 89' lang='grc'>6,</span> <span class='ocrx_word' id='word_1_289' title='bbox 903 3473 1170 3554; x_wconf 79' lang='lat' dir='ltr'>3021‘ipseruem</span> <span class='ocrx_word' id='word_1_290' title='bbox 1193 3489 1280 3554; x_wconf 89' lang='lat' dir='ltr'>ponto</span> 
     </span>
     <span class='ocr_line' id='line_1_38' title="bbox 205 3555 1281 3643; baseline -0.001 -21"><span class='ocrx_word' id='word_1_291' title='bbox 205 3566 304 3640; x_wconf 90' lang='lat' dir='ltr'>subigit</span> <span class='ocrx_word' id='word_1_292' title='bbox 327 3566 446 3641; x_wconf 87' lang='lat' dir='ltr'>velisque</span> <span class='ocrx_word' id='word_1_293' title='bbox 468 3555 625 3625; x_wconf 79' lang='lat' dir='ltr'>ministrat&#39;.</span> <span class='ocrx_word' id='word_1_294' title='bbox 655 3564 733 3643; x_wconf 79' lang='lat' dir='ltr'>[Aen.</span> <span class='ocrx_word' id='word_1_295' title='bbox 757 3570 785 3632; x_wconf 88' lang='grc'>6,</span> <span class='ocrx_word' id='word_1_296' title='bbox 811 3562 882 3640; x_wconf 87' lang='grc'><strong>315]</strong></span> <span class='ocrx_word' id='word_1_297' title='bbox 908 3557 995 3621; x_wconf 81' lang='lat' dir='ltr'>‘nunc</span> <span class='ocrx_word' id='word_1_298' title='bbox 1016 3564 1066 3621; x_wconf 90' lang='lat' dir='ltr'>hos</span> <span class='ocrx_word' id='word_1_299' title='bbox 1089 3580 1163 3622; x_wconf 90' lang='lat' dir='ltr'>nunc</span> <span class='ocrx_word' id='word_1_300' title='bbox 1185 3566 1281 3639; x_wconf 83' lang='lat' dir='ltr'>accipit</span> 
     </span>
     <span class='ocr_line' id='line_1_39' title="bbox 205 3641 989 3726; baseline -0.003 -18"><span class='ocrx_word' id='word_1_301' title='bbox 205 3641 291 3710; x_wconf 88' lang='lat' dir='ltr'>illos&#39;.</span> <span class='ocrx_word' id='word_1_302' title='bbox 313 3652 357 3709; x_wconf 88' lang='lat' dir='ltr'>hie</span> <span class='ocrx_word' id='word_1_303' title='bbox 379 3654 605 3726; x_wconf 87' lang='lat' dir='ltr'>comparationem</span> <span class='ocrx_word' id='word_1_304' title='bbox 627 3663 722 3710; x_wconf 84' lang='lat' dir='ltr'>eontra</span> <span class='ocrx_word' id='word_1_305' title='bbox 741 3661 864 3710; x_wconf 85' lang='lat' dir='ltr'>naturam</span> <span class='ocrx_word' id='word_1_306' title='bbox 878 3651 989 3707; x_wconf 88' lang='lat' dir='ltr'>inducit.</span> 
     </span>
    </p>
   </div>
   <div class='ocr_carea' id='block_1_5' title="bbox 206 3797 1280 4071">
    <p class='ocr_par' dir='ltr' id='par_1_6' title="bbox 206 3797 1280 4071">
     <span class='ocr_line' id='line_1_40' title="bbox 295 3797 1280 3866; baseline -0.003 -14"><span class='ocrx_word' id='word_1_307' title='bbox 295 3801 342 3852; x_wconf 82' lang='lat'>133</span> <span class='ocrx_word' id='word_1_308' title='bbox 361 3801 388 3852; x_wconf 91' lang='lat' dir='ltr'>in</span> <span class='ocrx_word' id='word_1_309' title='bbox 406 3799 474 3852; x_wconf 88' lang='lat' dir='ltr'>ualle</span> <span class='ocrx_word' id='word_1_310' title='bbox 493 3799 559 3853; x_wconf 90' lang='lat' dir='ltr'>colle</span> <span class='ocrx_word' id='word_1_311' title='bbox 578 3799 671 3866; x_wconf 93' lang='lat' dir='ltr'>quirini</span> <span class='ocrx_word' id='word_1_312' title='bbox 689 3799 736 3850; x_wconf 81' lang='lat' dir='ltr'>sed</span> <span class='ocrx_word' id='word_1_313' title='bbox 753 3801 820 3852; x_wconf 91' lang='lat' dir='ltr'>colle</span> <span class='ocrx_word' id='word_1_314' title='bbox 837 3813 943 3849; x_wconf 71' lang='lat' dir='ltr'>morum</span> <span class='ocrx_word' id='word_1_315' title='bbox 961 3799 984 3850; x_wconf 88' lang='lat' dir='ltr'><em>P</em></span> <span class='ocrx_word' id='word_1_316' title='bbox 1063 3801 1110 3852; x_wconf 91' lang='grc'>145</span> <span class='ocrx_word' id='word_1_317' title='bbox 1129 3804 1155 3850; x_wconf 87' lang='grc'>11</span> <span class='ocrx_word' id='word_1_318' title='bbox 1173 3797 1280 3850; x_wconf 79' lang='grc'><strong>11111111-</strong></span> 
     </span>
     <span class='ocr_line' id='line_1_41' title="bbox 206 3865 1278 3935; baseline -0.002 -17"><span class='ocrx_word' id='word_1_319' title='bbox 206 3866 289 3919; x_wconf 90' lang='lat' dir='ltr'>lis-</span> <span class='ocrx_word' id='word_1_320' title='bbox 308 3869 448 3920; x_wconf 90' lang='lat' dir='ltr'>minoribus</span> <span class='ocrx_word' id='word_1_321' title='bbox 467 3869 612 3919; x_wconf 81' lang='lat' dir='ltr'>damnarat</span> <span class='ocrx_word' id='word_1_322' title='bbox 630 3868 742 3918; x_wconf 75' lang='lat' dir='ltr'>labatur</span> <span class='ocrx_word' id='word_1_323' title='bbox 822 3869 870 3920; x_wconf 86' lang='grc'>146</span> <span class='ocrx_word' id='word_1_324' title='bbox 889 3865 981 3918; x_wconf 89' lang='lat' dir='ltr'>catulis</span> <span class='ocrx_word' id='word_1_325' title='bbox 999 3867 1169 3935; x_wconf 84' lang='lat' dir='ltr'>paulisquep</span> <span class='ocrx_word' id='word_1_326' title='bbox 1240 3867 1278 3917; x_wconf 86' lang='lat' dir='ltr'>la-</span> 
     </span>
     <span class='ocr_line' id='line_1_42' title="bbox 207 3934 1278 4002; baseline -0.001 -16"><span class='ocrx_word' id='word_1_327' title='bbox 207 3935 272 3986; x_wconf 69' lang='lat' dir='ltr'>bisis</span> <span class='ocrx_word' id='word_1_328' title='bbox 291 3937 436 3987; x_wconf 78' lang='lat' dir='ltr'>Peraeae</span> <span class='ocrx_word' id='word_1_329' title='bbox 514 3939 539 3988; x_wconf 87' lang='lat' dir='ltr'>et</span> <span class='ocrx_word' id='word_1_330' title='bbox 557 3940 586 3987; x_wconf 82' lang='lat' dir='ltr'>in</span> <span class='ocrx_word' id='word_1_331' title='bbox 605 3936 731 3986; x_wconf 82' lang='lat' dir='ltr'>lituraP</span> <span class='ocrx_word' id='word_1_332' title='bbox 799 3938 847 3988; x_wconf 88' lang='grc'>150</span> <span class='ocrx_word' id='word_1_333' title='bbox 867 3939 971 3988; x_wconf 88' lang='lat' dir='ltr'>contum</span> <span class='ocrx_word' id='word_1_334' title='bbox 989 3952 1024 3986; x_wconf 79' lang='lat' dir='ltr'>cx</span> <span class='ocrx_word' id='word_1_335' title='bbox 1042 3941 1148 4002; x_wconf 87' lang='lat' dir='ltr'>pontum</span> <span class='ocrx_word' id='word_1_336' title='bbox 1167 3936 1191 3985; x_wconf 88' lang='grc' dir='ltr'><em>Ρ</em></span> <span class='ocrx_word' id='word_1_337' title='bbox 1206 3934 1278 3985; x_wconf 84' lang='lat' dir='ltr'>Coci-</span> 
     </span>
     <span class='ocr_line' id='line_1_43' title="bbox 207 4003 1277 4071; baseline 0 -17"><span class='ocrx_word' id='word_1_338' title='bbox 207 4008 258 4054; x_wconf 89' lang='lat' dir='ltr'>tum</span> <span class='ocrx_word' id='word_1_339' title='bbox 278 4003 463 4071; x_wconf 79' lang='lat' dir='ltr'>Liutprcudus</span> <span class='ocrx_word' id='word_1_340' title='bbox 481 4005 654 4070; x_wconf 78' lang='lat' dir='ltr'>antapodosis</span> <span class='ocrx_word' id='word_1_341' title='bbox 671 4006 696 4067; x_wconf 79' lang='lat'>5,</span> <span class='ocrx_word' id='word_1_342' title='bbox 714 4006 739 4055; x_wconf 88' lang='lat'>8.</span> <span class='ocrx_word' id='word_1_343' title='bbox 765 4005 814 4057; x_wconf 86' lang='lat' dir='ltr'>boc</span> <span class='ocrx_word' id='word_1_344' title='bbox 832 4006 975 4071; x_wconf 86' lang='lat' dir='ltr'>comprobo</span> <span class='ocrx_word' id='word_1_345' title='bbox 991 4019 1070 4070; x_wconf 86' lang='lat' dir='ltr'>regna</span> <span class='ocrx_word' id='word_1_346' title='bbox 1089 4009 1115 4057; x_wconf 85' lang='lat' dir='ltr'>et</span> <span class='ocrx_word' id='word_1_347' title='bbox 1130 4006 1134 4071; x_wconf 88' lang='grc' dir='ltr'>Ι</span> <span class='ocrx_word' id='word_1_348' title='bbox 1151 4003 1277 4071; x_wconf 80' lang='lat' dir='ltr'>Cocytum</span> 
     </span>
    </p>
   </div>
   <div class='ocr_carea' id='block_1_6' title="bbox 0 0 1332 4440">
    <p class='ocr_par' dir='ltr' id='par_1_7' title="bbox 0 0 1332 4440">
     <span class='ocr_line' id='line_1_44' title="bbox 0 0 1332 4440; baseline 0 4"><span class='ocrx_word' id='word_1_349' title='bbox 0 0 1332 4440; x_wconf 95' lang='lat' dir='ltr'> </span> 
     </span>
    </p>
   </div>
  </div>
 </body>
</html>
