2656 4440
577 224 710 278 salvat
728 226 751 277 V

128 414 194 457 cum
218 397 319 457 blandi
343 397 465 458 comites
486 405 608 475 totaque
630 397 745 476 inpune
768 399 884 460 Subura

127 482 261 560 permisit
283 482 426 561 sparsisse
450 482 552 544 oculos
575 482 632 542 iam
656 483 798 544 candidus
821 485 922 562 umbo,

127 585 253 644 cumque
276 568 332 628 iter
353 567 522 646 ambiguum
547 576 591 629 est
613 576 643 628 et
665 568 739 629 vitae
761 569 880 630 nescius
903 588 987 630 error

128 652 245 713 deducit
266 653 397 732 trepidas
420 671 534 714 ramosa
556 653 587 714 in
612 653 740 732 compita
764 662 887 728 mentes,

126 755 175 797 me
197 737 250 796 tibi
272 739 425 818 supposui.
470 747 590 800 teneros
614 747 646 799 tu
669 738 794 818 suscipis
816 757 913 800 annos

127 822 290 895 Socratico,
313 822 453 896 Cornute,
476 823 555 884 sinu.
591 832 663 885 tunc
685 824 785 885 fallere
808 825 913 886 sollers

126 907 259 984 adposita
282 907 409 968 intortos
432 909 563 970 extendit
584 909 686 988 regula
708 928 816 983 mores

127 1000 157 1052 et
179 991 323 1069 premitur
345 993 459 1054 ratione
482 994 598 1056 animus
619 994 757 1072 vincique
779 994 894 1056 laborat

127 1077 331 1155 artificemque
353 1086 403 1138 tuo
425 1077 505 1139 ducit
528 1098 583 1158 sup
606 1079 713 1159 pollice
736 1080 859 1141 vultum.

126 1171 224 1222 tecum
249 1163 360 1222 etenim
382 1163 487 1242 longos
510 1164 632 1225 memini
656 1183 832 1226 consumere
854 1165 931 1226 soles

126 1256 156 1308 et
177 1256 276 1308 tecum
298 1248 408 1327 primas
430 1248 525 1326 epulis
547 1251 708 1328 decerpere
732 1258 844 1310 noctes.

128 1351 222 1393 unum
245 1352 320 1411 opus
343 1342 372 1393 et
395 1333 528 1411 requiem
551 1335 660 1413 pariter
682 1333 867 1413 disponimus
889 1332 977 1393 ambo

127 1427 215 1495 atque
239 1418 405 1478 verecunda
428 1419 558 1478 laxamus
581 1419 657 1479 seria
679 1437 792 1480 mensa.

126 1521 188 1563 non
213 1503 350 1580 equidem
372 1505 429 1564 hoc
452 1502 578 1576 dubites,
601 1504 757 1564 amborum
778 1501 898 1564 foedere
921 1510 1004 1564 certo
1173 1512 1202 1562 to

127 1589 298 1648 consentire
321 1588 383 1648 dies
406 1596 436 1648 et
457 1587 493 1648 ab
515 1607 577 1649 uno
600 1588 696 1651 sidere
718 1588 803 1649 duci:

126 1681 229 1732 nostra
250 1673 296 1732 vel
318 1673 431 1751 aequali
454 1673 610 1752 suspendit
630 1683 765 1754 tempora
788 1673 862 1734 libra

125 1757 217 1817 Parca
239 1767 328 1818 tenax
350 1758 419 1832 veri,
441 1777 493 1819 seu
518 1768 584 1819 nata
608 1760 743 1820 fidelibus
765 1759 837 1818 hora

211 1899 250 1954 32
274 1895 379 1953 Subura
401 1913 464 1971 pars
486 1896 561 1954 urbis
583 1897 798 1971 frequentissima
821 1905 848 1954 et
869 1895 1002 1954 illecebris
1024 1894 1111 1969 plena.

212 1982 250 2040 33
275 1981 402 2038 candidus
435 1983 517 2039 umbo
550 1983 760 2058 synecdochicos
792 1999 843 2057 pro
877 1991 950 2056 toga.
983 1980 1102 2055 alioquin
1127 1988 1155 2036 et
1175 1979 1203 2034 in

121 2074 261 2140 praetexta
282 2067 408 2124 candidus
430 2067 512 2124 umbo
536 2079 586 2125 est.
653 2071 692 2127 34
708 2069 858 2126 secundum
871 2068 1039 2142 Pythagorae
1060 2066 1202 2130 rationem,

122 2151 170 2224 qui
190 2151 214 2206 Y
234 2151 339 2208 litterae
361 2152 473 2209 similem
495 2154 574 2210 vitam
596 2163 718 2210 nostram
740 2171 798 2210 esse
820 2151 933 2211 dicebat.
1036 2153 1075 2210 35
1099 2167 1204 2208 ramosa

123 2237 239 2311 compita
261 2237 324 2294 dicit
345 2238 436 2312 plures
458 2237 512 2293 vias
534 2238 665 2304 habentia,
688 2248 720 2296 ut
740 2239 767 2294 in
782 2246 920 2296 stemmate
934 2239 1001 2294 rami
1014 2237 1100 2312 sparsi
1114 2238 1204 2293 solent

122 2338 191 2378 esse.
301 2324 339 2381 36
363 2323 500 2379 ineuntem
522 2324 729 2380 adulescentiam
743 2341 836 2381 meam
857 2323 1001 2398 sapientiae
1023 2321 1202 2379 contubernio

122 2415 150 2462 et
176 2405 271 2462 morali
299 2408 413 2464 tuitione
442 2408 564 2481 suscipis.
594 2418 621 2464 et
647 2407 715 2466 bene
737 2409 774 2465 ait
796 2409 838 2465 hic
859 2409 972 2482 suscipis
994 2416 1107 2482 propter
1129 2407 1203 2481 qnod

121 2491 158 2546 ait
189 2492 330 2565 supposui.
440 2494 477 2550 37
503 2493 599 2548 sollers
632 2493 724 2549 fallere
756 2494 817 2549 ideo
840 2493 912 2557 dixit,
948 2492 1010 2566 quia
1031 2508 1093 2548 cum
1114 2490 1203 2546 stultis

120 2576 284 2649 obrepatur,
314 2577 447 2649 sapientes
480 2586 589 2651 oportet
619 2586 692 2634 recte
724 2593 889 2650 cognoscere
920 2585 953 2632 ut
973 2577 1031 2650 ipsa
1052 2575 1202 2632 emendatio

121 2661 194 2718 lente
216 2677 248 2716 ac
269 2660 326 2717 sine
348 2669 482 2717 tormento
506 2661 560 2734 fiat,
583 2678 617 2717 ne
639 2661 808 2735 asperitatem
830 2662 966 2718 doctrinae
988 2661 1016 2716 in
1037 2661 1102 2734 ipsis
1125 2661 1203 2716 rudi-

120 2746 219 2803 mentis
241 2762 297 2800 non
320 2745 467 2803 tolerantes
488 2747 658 2820 impatienter
679 2746 769 2802 ferant
789 2746 896 2818 corrigi.
1011 2749 1051 2804 40
1074 2744 1204 2802 artificem

121 2831 235 2892 vultum,
259 2848 308 2904 per
331 2839 416 2887 artem
438 2831 547 2896 lactum,
571 2833 720 2889 secundum
735 2831 900 2889 intellectum
914 2830 1119 2888 simulacrorum
1135 2847 1203 2906 quae

121 2916 155 2972 ab
177 2915 322 2972 artificibus
344 2915 493 2989 finguntur.
576 2920 615 2976 46
639 2918 691 2974 hoc
713 2918 861 2974 secundnm
883 2916 1035 2991 astrologos
1058 2917 1131 2982 dicit,
1156 2915 1203 2991 qni

122 3001 215 3058 dicum
238 3001 385 3059 nativitates
406 3002 547 3058 hominum
569 3003 595 3058 in
618 3001 750 3060 sideribus
773 3012 906 3061 constare.
994 3005 1031 3060 47
1057 3003 1084 3058 in
1100 3003 1203 3060 diversa

122 3087 240 3143 eiusdem
262 3086 345 3143 librae
366 3087 443 3144 lance
465 3087 582 3162 impositi
603 3088 714 3163 aequale
737 3105 846 3146 examen
868 3088 1031 3145 habuerunt.
1135 3086 1203 3143 libra

121 3180 212 3228 autem
234 3172 365 3246 significat
386 3189 471 3229 unum
493 3191 524 3229 ex
546 3174 686 3231 duodecim
708 3174 801 3246 signis.
910 3171 1013 3247 aequali
1040 3171 1117 3244 libra,
1141 3172 1203 3245 quia

121 3273 262 3313 mensurae
295 3259 352 3314 vice
383 3257 506 3332 fungitur
539 3260 565 3314 in
598 3259 777 3333 aequinoctio.
809 3267 841 3314 ut
873 3257 1006 3331 Vergilius
1028 3255 1200 3330 [q.1‚208]

116 3335 200 3398 ‘libra
229 3342 271 3400 die
298 3343 440 3417 somnique
467 3360 545 3418 pares
575 3343 620 3400 ubi
642 3343 735 3400 lecerit
755 3338 856 3399 horas’.
965 3343 1059 3398 horam
1080 3350 1201 3397 nostram

122 3426 218 3492 latum,
249 3429 323 3502 quod
350 3429 448 3485 mutari
475 3428 575 3493 nescit,
604 3428 673 3485 libra
694 3428 841 3485 coniunxit.
951 3428 991 3485 48
1015 3426 1077 3501 quia
1100 3434 1202 3482 tantum

206 3576 238 3628 33
263 3576 358 3641 sparsis
379 3575 403 3626 B
507 3578 539 3629 35
557 3575 660 3628 Diductt
683 3580 702 3641 ς
724 3573 846 3627 Traducit
870 3574 983 3626 Seruius
1005 3575 1072 3624 Aac.
1093 3573 1199 3626 V1136

207 3645 239 3694 36
258 3645 361 3709 seposui
381 3646 446 3696 dtP:
465 3645 590 3711 supposui
607 3644 690 3705 derit.
707 3644 830 3709 Frhing.
850 3658 910 3694 cum
928 3642 991 3692 aliie
1049 3641 1160 3708 suspicis
1178 3644 1201 3694 Ρ

122 3710 175 3775 (pic
192 3714 221 3760 in
239 3716 304 3776 rae.)
374 3715 405 3765 37
425 3717 478 3764 tum
499 3719 523 3762 α
592 3714 625 3765 40
643 3710 822 3778 Araficemqne
841 3718 864 3762 α
943 3713 975 3764 41
994 3708 1099 3762 memini
1116 3723 1157 3760 me
1177 3724 1198 3761 c.

123 3776 191 3839 Pes.
206 3779 412 3858 choliamhum3
492 3783 525 3833 45
539 3779 665 3832 foderent
734 3782 767 3832 47
782 3779 919 3847 equalisdt
988 3776 1199 3858 suspenditotl’:

122 3846 631 3970 httttl.⁵..t3‘tbt'lettltlt
649 3850 1054 3982 ltldltrttttr..tt
1071 3844 1199 3966 labit

120 3999 149 4032 aa
166 3983 327 4050 respondere
343 3982 411 4044 fecit
429 3986 584 4051 Propertius
603 3985 647 4036 III
660 3985 702 4047 21,
720 3985 754 4037 25
824 3986 857 4037 48
877 3982 956 4036 Perca
975 3991 999 4034 α
1069 3996 1113 4034 ora
1131 3984 1155 4034 P
