2656 4440
578 245 711 299 sartha
728 247 752 298 V
1162 245 1200 305 37

123 414 252 476 fervebit
272 433 360 495 saepe
381 415 495 477 insulso
519 417 651 477 cenanda
674 417 808 498 Glyconi.

123 511 158 561 tu
182 520 279 579 neque
302 501 463 575 anhelanti,
490 503 630 580 coquitur
652 503 721 562 dum
746 521 839 565 massa
863 503 988 577 camino,
1176 513 1206 565 tu

125 585 195 646 lolle
218 587 329 665 premis
351 594 465 659 ventos,
489 605 545 646 neo
567 588 667 647 clauso
691 606 843 650 murmure
866 607 974 650 raucus

125 670 227 731 nescio
250 672 321 750 quid
343 680 442 732 tecum
465 689 553 750 grave
576 672 739 734 cornicaris
761 672 872 752 inepte,

124 775 183 818 neo
205 756 328 836 seloppo
351 756 477 818 tumidas
499 757 630 818 intendis
652 775 792 838 rumpere
815 758 933 820 buccas.

123 842 213 901 verba
235 850 321 921 togae
344 842 478 919 sequeris
501 842 637 903 iunctura
661 842 783 904 callidus
804 844 875 917 aeri,

125 944 177 987 ore
200 934 279 988 teres
300 926 427 998 modico,
450 927 587 1006 pallentis
609 930 712 989 radere
735 947 835 989 mores

125 1011 231 1072 doetus
253 1021 282 1072 et
305 1011 437 1090 ingenuo
461 1012 576 1091 culpam
601 1011 729 1093 defigere
752 1012 832 1074 ludo.

123 1096 197 1156 hinc
220 1097 302 1158 trahe
325 1115 401 1175 quae
423 1096 507 1170 dicis,
530 1115 707 1176 mensasque
730 1099 867 1177 relinque
890 1097 1022 1178 Mycenis

125 1217 173 1291 qui
202 1234 264 1274 eum
291 1217 450 1274 immolaret.
480 1228 506 1274 et
533 1235 594 1275 cum
616 1236 678 1277 erim
699 1218 821 1275 adultera
843 1218 956 1276 moecho
978 1218 1132 1275 tradidisset
1152 1218 1206 1274 im-

122 1302 288 1368 molandum,
317 1303 362 1359 ille
390 1319 421 1359 re
449 1303 557 1376 cognita
578 1303 647 1360 filios
668 1304 791 1361 adultero
815 1303 993 1361 comedendos
1016 1303 1151 1378 apposuit.
1174 1320 1207 1360 ex

123 1405 178 1462 quo
201 1389 314 1444 maximo
337 1388 447 1445 crimine
469 1387 567 1462 scripta
589 1389 724 1462 tragoedia
747 1398 798 1445 est.
916 1392 934 1447 9
957 1389 1000 1446 hio
1022 1389 1125 1463 Glycon
1147 1396 1206 1445 tra-

123 1475 227 1546 goedus
248 1472 301 1529 luit
321 1473 434 1530 Neronis
456 1472 634 1546 temporibus.
657 1474 715 1530 alii:
740 1474 886 1550 Glyconem
907 1474 1102 1548 pantomimum
1120 1474 1207 1548 signi-

121 1557 194 1614 ficat.
239 1557 342 1632 Glycon
376 1559 520 1631 tragoedus
553 1559 655 1634 populo
688 1561 755 1616 mire
783 1559 884 1634 placuit
912 1569 940 1617 et
968 1560 1028 1616 ideo
1056 1576 1071 1615 a
1099 1560 1207 1616 Nerone

121 1644 301 1699 manumissus
329 1652 371 1700 est
393 1644 460 1699 datis
482 1643 598 1717 Vergilio
629 1646 758 1718 tragoedo
781 1645 890 1701 domiuo
913 1645 969 1701 eius
991 1661 1042 1718 pro
1065 1653 1140 1718 parte
1163 1643 1207 1700 di-

121 1727 217 1792 midia,
247 1745 327 1802 quam
355 1728 518 1802 possidebat,
545 1729 673 1786 sestertiis
697 1730 823 1786 trecentis
845 1729 963 1787 milibus.
985 1746 1046 1786 nam
1069 1730 1204 1786 dicunt*

121 1831 183 1869 cum
206 1813 293 1870 adhuc
314 1813 423 1877 viveret,
446 1815 543 1879 minax,
567 1823 685 1872 staturae
700 1815 806 1888 longae,
829 1816 951 1890 corporis
966 1814 1045 1885 lusci,
1068 1813 1139 1870 labio
1162 1815 1208 1870 in·

121 1896 222 1955 feriore
244 1898 375 1964 demisso,
405 1907 547 1973 antequam
578 1899 773 1957 subornaretur
796 1899 939 1964 deformis,
968 1900 1052 1956 iocari
1074 1899 1207 1956 nesciens.

120 1985 330 2058 propterquod
353 2001 413 2041 eum
435 1984 568 2041 insulsum
591 1986 698 2042 Persius
721 1986 794 2043 dixit.
913 1987 950 2043 lb
974 1993 1003 2042 et
1023 1983 1150 2040 lloratius
1172 1983 1209 2040 ait

121 2068 187 2143 [rat.
208 2071 234 2133 1,
260 2073 289 2133 4,
309 2067 358 2143 19]
376 2063 419 2125 ‘at
441 2080 471 2127 tu
494 2069 634 2126 conclusas
657 2071 764 2127 hircinis
785 2069 897 2127 follibus
919 2086 998 2127 auras
1018 2087 1106 2144 usque
1127 2066 1208 2125 labo-

123 2163 223 2220 rantes,
247 2154 309 2210 dum
333 2153 435 2210 ferrum
456 2154 559 2212 molliat
580 2155 657 2228 ignis,
680 2165 713 2212 ut
733 2157 825 2222 mavis,
848 2150 972 2212 imitare.³
1063 2157 1100 2213 12
1117 2155 1208 2211 corni·

123 2240 191 2295 caris
219 2256 318 2296 novum
341 2257 355 2296 a
378 2249 459 2314 poeta
487 2239 598 2297 verbum
627 2241 816 2314 compositum.
846 2241 1049 2298 submurmuras
1077 2249 1106 2296 et
1133 2240 1209 2314 quasi

123 2323 239 2380 cornicis
262 2341 341 2381 voces
363 2325 479 2399 profers.
555 2329 591 2384 13
615 2326 724 2400 stloppo
747 2325 811 2382 dixit
831 2325 1030 2400 metaphoricos
1052 2341 1065 2381 a
1087 2325 1209 2382 ludenti-

122 2408 174 2464 bus
196 2411 296 2483 pueris,
321 2411 368 2483 qui
390 2408 488 2466 buccas
510 2409 614 2466 inflatas
637 2410 727 2466 subito
739 2411 864 2485 aperiunt
874 2419 902 2466 et
916 2418 1006 2466 totum
1020 2410 1099 2465 simul
1113 2408 1208 2466 flatum

124 2511 185 2550 oum
207 2495 298 2550 sonitu
321 2494 448 2551 tundunt.
519 2498 555 2552 14
580 2494 659 2550 verba
682 2503 762 2567 togae
783 2495 913 2569 sequeris.
957 2495 985 2551 id
1008 2502 1049 2549 est
1070 2501 1131 2568 apta
1147 2493 1207 2568 paci

123 2575 165 2636 vel
188 2578 314 2644 forensia,
339 2578 436 2652 quibus
460 2579 584 2635 causidici
607 2580 634 2634 in
657 2595 782 2635 sermone
804 2579 950 2635 cottidiano
973 2587 1099 2634 utuntur.
1145 2587 1208 2651 toga

123 2674 165 2722 est
188 2663 265 2726 dicta,
289 2664 363 2737 quod
384 2662 534 2720 velamento
557 2680 608 2719 suo
630 2680 729 2736 corpus
744 2673 817 2735 tegat
830 2672 912 2737 atque
927 2662 1040 2736 operiat.
1063 2670 1105 2720 est
1119 2671 1208 2719 autem

123 2767 223 2824 purum
254 2749 365 2822 pallium
396 2748 482 2805 torma
504 2749 620 2805 rotunda
643 2757 669 2805 et
691 2748 794 2805 fusiore
815 2757 897 2823 atque
919 2748 1065 2804 inundante
1087 2748 1157 2803 sinu.
1181 2755 1209 2804 et

124 2833 175 2891 sub
199 2834 292 2890 dextro
321 2835 431 2890 veniens
454 2851 536 2908 super
564 2850 688 2891 umerum
711 2834 850 2890 sinistrum
872 2833 993 2909 ponitur.
1016 2833 1092 2889 cuius
1114 2832 1208 2889 simili-

125 2920 245 2976 tudinem
278 2920 304 2975 in
340 2919 513 2993 operimentis
546 2918 749 2975 simulacrorum
783 2919 825 2976 vel
856 2921 1023 2994 picturarum
1056 2919 1207 2994 aspicimus

125 3021 224 3078 easque
253 3014 355 3061 statuas
390 3014 493 3079 togatas
523 3021 658 3061 vocamus.
698 3014 760 3078 toga
787 3021 852 3061 vero
875 3005 986 3062 Romani
1007 3004 1033 3060 in
1056 3021 1123 3079 pace
1144 3013 1207 3062 ute-

125 3089 239 3154 bantur,
274 3089 338 3146 helli
369 3099 459 3146 autem
492 3099 614 3165 tempore
642 3090 846 3164 paludamentis.
875 3105 1000 3147 mensura
1023 3099 1101 3162 togae
1122 3089 1209 3145 iustae

125 3190 203 3230 senas
224 3173 302 3230 ulnas
323 3174 449 3232 habebat.
566 3176 605 3231 sic
626 3175 729 3238 scribis,
752 3186 784 3231 ut
805 3192 893 3231 sermo
916 3183 980 3231 tuus
1002 3173 1105 3229 urbane
1126 3182 1209 3247 atque

125 3269 187 3333 apte
208 3260 344 3334 iungatur.
451 3260 523 3317 bona
546 3261 742 3334 compositione
765 3268 879 3326 tantum,
903 3259 929 3315 id
952 3269 994 3315 est
1015 3258 1210 3315 versificatione

125 3345 266 3401 discedens
288 3362 303 3401 a
324 3345 416 3420 vulgo.
535 3349 571 3404 15
594 3345 698 3419 peritus
720 3362 809 3401 mores
832 3345 985 3402 obtrectare
1007 3343 1116 3400 vitiosos
1139 3342 1209 3399 seri-

124 3428 214 3485 bendo
238 3431 344 3486 satiram
367 3440 394 3487 ει
416 3429 609 3505 obiurgationis
631 3430 860 3486 animadversione
883 3429 1034 3503 corrigere,
1061 3436 1093 3485 ut
1113 3427 1210 3485 medici

126 3516 219 3570 radere
243 3515 370 3572 dicuntur
392 3533 499 3573 carnem
521 3517 555 3573 de
577 3513 734 3571 vulneribus
756 3522 872 3588 putrem,
897 3514 959 3570 dum
983 3513 1015 3569 ad
1040 3514 1127 3569 vivum
1144 3529 1209 3586 per-

125 3600 244 3665 veniant,
269 3617 322 3675 quo
346 3601 449 3657 lacibus
472 3609 577 3658 curent.
676 3603 712 3657 17
736 3599 769 3656 de
791 3598 912 3656 moribus
934 3598 1100 3672 corrigendis
1122 3598 1210 3655 scribe

212 3730 331 3782 9inuiso
349 3732 372 3782 P
456 3731 558 3798 cycloni
576 3732 600 3782 P
621 3730 727 3797 (glicoui
744 3745 876 3794 superser.
900 3743 997 3779 mantes
1014 3730 1207 3792 recentissima)

216 3802 247 3851 to
266 3799 367 3850 camino
386 3807 433 3865 otp
451 3799 532 3850 schol.
551 3799 615 3852 Hor.
633 3803 683 3849 sat.
701 3799 715 3849 l
733 3799 757 3860 4,
777 3798 821 3849 19:
842 3797 935 3849 camini
953 3799 977 3849 P
1044 3800 1073 3851 11
1094 3797 1166 3849 cluso
1182 3802 1207 3847 α

213 3881 303 3918 raucos
321 3868 346 3917 P
430 3870 461 3918 12
485 3866 614 3934 quiteoum
631 3868 656 3917 P
742 3868 772 3920 13
798 3864 939 3932 stloppog
1028 3868 1058 3917 15
1079 3870 1164 3917 terens
1184 3870 1208 3915 α

126 3935 225 4000 terisp
296 3935 465 4000 roderePpr.
536 3935 703 4001 ldingenuo]
722 3949 820 3984 urusa
838 3933 1019 3984 inPercib?
1090 3936 1120 3985 11
1139 3932 1210 3984 dicas

125 4005 145 4067 ς
214 4017 336 4069 mycenas
354 4005 378 4053 P
