2656 4440
459 266 581 319 LIBERI
616 266 748 319 servat
767 267 800 320 lV
1109 265 1169 326 101

98 438 264 518 blandaque
288 440 412 501 devexae
435 439 559 501 iactaret
581 439 662 501 basia
685 440 800 501 raedae.

98 543 185 585 nemo
209 524 302 604 magis
324 524 481 585 rhombum
499 525 627 605 stupuit;
652 543 720 585 narn
742 524 869 603 plurima
891 524 963 585 dixit

98 609 127 670 in
152 610 266 670 laevum
290 628 461 681 conversus,
484 610 577 670 atilli
600 611 701 671 dextra
724 609 839 670 iacebat
1129 619 1173 670 120

96 694 194 756 belua.
238 695 281 756 sic
303 713 419 774 pugnas
442 693 539 756 Cilicis
560 695 696 756 laudabat
718 702 748 755 et
771 695 846 755 ictus

99 790 127 840 et
148 797 255 858 pegma
278 788 307 840 et
329 798 440 858 pueros
461 780 531 841 inde
553 780 589 840 ad
611 780 717 840 velaria
740 789 850 859 raptos.

99 883 160 925 non
184 864 262 925 cedit
283 864 417 939 Veiento,
441 866 493 926 sed
517 876 551 926 ut
572 866 718 926 fanaticus
741 873 838 926 oestro

98 967 267 1028 percussus,
291 949 422 1023 Bellona,
444 959 496 1011 tuo
519 950 628 1011 divinat
650 959 680 1011 et
698 943 820 1028 ‘ingens

100 1053 187 1095 omen
211 1028 313 1096 habes’
339 1035 438 1113 inquit
457 1028 571 1115 ‘magni
593 1035 724 1114 clarique
746 1034 898 1113 triumphi.

99 1137 199 1197 regern
221 1119 348 1198 aliquem
371 1120 480 1200 capies,
504 1130 554 1181 aut
576 1119 612 1181 de
634 1129 755 1181 temone
777 1120 922 1180 Britanno

99 1205 214 1266 excidet
236 1205 403 1286 Aruiragus.
447 1206 605 1309 peregrina
628 1214 673 1266 est
695 1206 790 1279 belua,
813 1205 912 1266 cernis

99 1300 213 1350 erectas
235 1290 266 1350 in
290 1299 371 1387 terga
395 1284 519 1352 sudes‘l'
566 1292 625 1352 hoo
648 1291 741 1351 deluit
763 1308 855 1350 unum

99 1374 246 1448 Fabricio,
268 1375 393 1473 patriam
416 1386 449 1436 ut
471 1376 589 1437 rhombi
611 1384 790 1436 memoraret
813 1385 842 1436 et
864 1393 968 1436 annos

96 1453 253 1538 ‘quidnam
278 1461 368 1562 igitur
390 1459 516 1523 censes?
540 1452 743 1522 conciditur?
767 1455 857 1522 ‘absit
879 1460 916 1520 ab
939 1460 988 1521 illo

100 1544 228 1606 dedecus
250 1539 321 1606 hoc’
346 1546 506 1608 Montanus
528 1546 567 1606 ait
587 1539 674 1608 ‘testa
697 1547 754 1607 alta
776 1555 906 1624 paretur,

100 1648 175 1709 quae
199 1630 282 1691 tenui
305 1649 392 1692 muro
415 1632 577 1730 spatiosum
601 1632 717 1709 colligat
740 1631 853 1691 orbem.

100 1714 226 1776 debetur
246 1733 372 1794 magnus
394 1718 513 1795 patinae
535 1716 711 1796 subitusque
733 1716 936 1777 Prometheus.

101 1800 230 1878 argillam
255 1809 343 1878 atque
365 1811 459 1862 rotam
484 1802 571 1863 citius
593 1810 762 1880 properate,
788 1802 841 1862 sed
863 1819 899 1861 ex
920 1802 979 1861 hoo

101 1894 234 1982 tempore
257 1885 323 1958 iam,
347 1885 463 1960 Caesar,
487 1888 568 1983 liguli
590 1895 640 1947 tua
664 1896 758 1948 castra
781 1879 972 1965 sequantur’.

101 1970 169 2030 vicit
190 1971 280 2067 digna
302 1971 365 2031 viro
388 1972 545 2033 sententia.
590 1981 712 2033 noverat
732 1971 781 2032 ille

101 2055 276 2116 luxuriam
269 2056 377 2134 rnperii
400 2065 529 2118 veterem
554 2066 717 2136 noctesque
738 2056 867 2118 Neronis

100 2139 157 2200 iarn
181 2140 292 2201 medias
315 2141 460 2220 abamque
482 2142 599 2213 larnem,
627 2161 694 2203 cum
717 2141 820 2221 pulmo
843 2140 970 2202 Falerno

101 2225 227 2286 arderet.
273 2226 347 2286 nulli
369 2226 463 2287 maior
484 2227 540 2287 luit
562 2245 633 2288 usus
661 2227 767 2288 edendi

100 2319 275 2389 tempestate
297 2329 379 2386 mea;
402 2311 512 2373 Circeis
535 2323 603 2372 nata
625 2314 726 2373 forent
748 2330 784 2372 an

103 2394 266 2456 Lucrinum
289 2397 325 2457 ad
347 2415 449 2458 saxum
472 2398 662 2476 Rutupinove
686 2396 760 2457 edita
784 2396 877 2456 lundo

101 2490 199 2542 ostrea
225 2481 349 2543 callebat
370 2484 468 2562 primo
491 2482 676 2560 deprendere
699 2499 812 2555 morsu,

190 2689 248 2746 118
282 2686 328 2762 qui
355 2689 450 2746 raedae
477 2687 575 2745 ferenti
606 2687 732 2744 mulieres
765 2686 856 2743 oscula
885 2688 984 2743 iaceret
1012 2693 1044 2741 ut
1072 2700 1179 2741 caecus

187 2773 311 2830 devexae.
339 2773 495 2837 inclinatae,
526 2791 574 2847 per
604 2773 699 2829 clivum
729 2771 912 2829 descendenti.
1016 2772 1075 2828 119
1098 2785 1177 2825 nemo

100 2857 184 2931 magis
212 2858 365 2914 rhombum.
388 2876 466 2933 quam
490 2858 609 2915 Catullus
632 2874 728 2916 caecus
751 2856 881 2914 adulator.
906 2872 966 2912 nam
988 2856 1016 2911 in
1038 2855 1178 2930 sequenti-

101 2942 152 2999 bus
175 2933 268 2999 dixit‘
272 2960 328 2999 non
350 2944 419 3001 cedit
441 2931 573 3008 Veiento,
602 2944 697 3017 utique
720 2942 834 2999 Catullo.
946 2942 1001 2999 121
1029 2943 1067 2998 sic
1090 2940 1178 2997 omnia

102 3045 171 3103 quae
193 3045 248 3084 nou
270 3028 385 3094 videbat,
409 3028 553 3086 referebat.
643 3031 701 3086 122
726 3046 774 3101 per
788 3027 985 3101 catastropham
1000 3035 1046 3083 aut
1061 3027 1095 3083 de
1109 3043 1179 3100 peg-

100 3122 171 3170 mate
193 3130 331 3171 excussos.
422 3117 480 3172 126
504 3116 537 3172 de
559 3115 610 3171 isto
632 3113 754 3170 vehiculo
769 3114 803 3169 ad
817 3115 901 3187 pedes
916 3111 1038 3186 supplex.
1125 3111 1179 3166 lal-

101 3198 166 3256 oatis
189 3216 250 3255 narn
272 3199 406 3256 curribus.
499 3201 688 3257 Britannorum
710 3215 756 3256 rex
779 3198 935 3271 hrbiragus.
1041 3196 1099 3254 129
1123 3195 1178 3252 Ve-

100 3283 173 3340 iento
197 3301 258 3341 nam
280 3284 337 3360 ipse
353 3293 394 3341 est
408 3284 553 3342 Fabricius.
644 3287 699 3343 131
726 3282 822 3358 patella
844 3283 871 3338 in
894 3297 947 3356 qua
968 3282 1054 3354 possit
1074 3281 1179 3353 integer

101 3369 192 3443 coqui.
289 3371 347 3428 133
371 3370 547 3427 Prometheus
569 3371 686 3427 saturice
708 3369 815 3444 figulus.
916 3369 974 3425 136
997 3366 1080 3421 vincit
1100 3365 1180 3438 digna

102 3455 170 3510 viro.
184 3454 318 3511 Neronem
335 3455 488 3512 llontanus.
580 3459 637 3515 138
660 3455 783 3512 libidines
806 3452 869 3513 oris.
954 3466 1111 3525 parvorum
1127 3451 1180 3506 hoc

100 3538 160 3594 ideo
191 3540 253 3613 quia
280 3540 390 3597 aviditas
419 3539 471 3597 cibi
498 3540 620 3614 sequitur
645 3541 752 3597 nimiam
779 3537 1004 3614 perpotationem.
1118 3537 1175 3593 141

102 3623 282 3697 Rutupinove.
310 3625 387 3683 locus
415 3626 442 3681 in
464 3626 599 3682 Britannia
630 3625 685 3681 sive
707 3626 807 3682 civitas.

190 3825 238 3875 120
256 3822 332 3874 laeuo
350 3823 381 3874 id
398 3827 437 3873 est
453 3821 555 3875 laeuum
574 3823 598 3872 P
618 3821 756 3887 laeuump
879 3823 924 3874 121
952 3821 990 3873 sic
1007 3822 1037 3870 in
1056 3819 1140 3870 litura
1158 3817 1183 3868 P

186 3905 289 3957 pugnos
308 3889 486 3952 OHirrobfeld
556 3892 604 3943 124
622 3905 744 3956 percussu
762 3891 832 3955 Ppr.
902 3891 950 3942 133
969 3888 1089 3956 prr-tinae
1107 3889 1130 3938 P

100 3960 151 4077 136
163 3957 243 4078 il'ilgpli
261 3961 294 4011 P:
312 3960 434 4028 tegulep
508 3961 555 4012 136
573 3958 661 4010 Vincit
678 3957 699 4009 S
763 3961 827 4023 post
846 3959 893 4010 141
912 3973 1008 4008 ueram
1022 3958 1104 4023 plane
1122 3971 1180 4006 era-
