2656 4440
130 246 170 306 70
618 246 792 300 lVVENALlS

128 430 217 500 atque
242 419 444 498 triumphales,
467 418 545 479 inter
567 437 640 497 quas
663 437 751 480 ausus
772 418 881 481 habere

127 505 229 567 nescio
252 505 319 583 quis
340 504 442 565 titulos
464 504 624 584 aegyptius
647 512 735 582 atque
759 504 950 579 Arabarches,

128 592 213 652 cuins
235 593 269 652 ad
294 590 421 668 effigiem
445 607 506 649 non
529 598 645 649 tanturn
667 589 778 650 meiere
801 590 844 650 las
866 599 920 652 est.

125 676 279 737 vestibulis
301 674 413 736 abeunt
434 683 548 736 veteres
569 674 697 753 lassique
721 674 843 736 clientes

128 769 255 840 votaque
277 761 444 839 deponunt,
467 778 645 837 quamquam
667 759 839 838 longissima
863 778 954 821 cenae

127 865 196 926 spes
218 845 348 919 homini;
373 844 464 906 caulis
485 844 601 906 miseris
624 853 712 923 atque
734 844 812 924 ignis
834 846 988 908 emendus.

126 932 235 1011 optima
258 930 395 993 silvarum
420 930 532 991 interea
554 930 710 1009 pelagique
732 928 847 990 vorabit

125 1035 178 1076 rex
200 1018 308 1077 horum
329 1014 487 1092 vacuisque
510 1016 583 1075 toris
606 1023 721 1075 tantum
745 1016 808 1094 ipse
831 1013 947 1075 iacebit.

126 1120 195 1162 nam
218 1101 255 1162 de
277 1109 322 1161 tot
343 1099 476 1181 pulchris
499 1100 614 1161 stlatis
637 1099 760 1161 orbibus
784 1108 814 1160 et
835 1108 895 1159 mm

125 1187 254 1266 antiquis
275 1205 335 1247 una
359 1185 520 1246 comedunt
542 1185 718 1264 patrimonia
742 1202 855 1245 mensa.

125 1272 226 1334 nullus
248 1272 304 1332 iam
326 1271 473 1350 parasitus
495 1270 560 1331 erit.
606 1270 657 1332 sed
681 1270 748 1349 quis
772 1271 844 1330 ferat
866 1269 939 1330 istas

123 1356 256 1418 luxuriae
278 1353 403 1418 sordes?
426 1365 536 1434 quanta
559 1365 603 1417 est
625 1357 693 1435 gula
716 1374 792 1434 quae
815 1354 871 1415 sibi
895 1362 973 1414 totos

124 1443 211 1523 ponit
233 1460 330 1521 apros,
353 1441 460 1502 animal
484 1449 606 1521 propter
630 1441 762 1501 convivia
787 1437 911 1500 natum‘l

125 1545 225 1607 poena
246 1536 344 1586 tamen
368 1543 521 1604 praesens,
544 1544 611 1586 cum
634 1534 665 1585 tu
689 1525 815 1604 deponis
838 1524 961 1584 amictus

125 1612 262 1690 turgidus
284 1619 315 1671 et
336 1611 460 1671 crudum
483 1630 629 1690 pavonem
651 1612 682 1671 in
706 1610 810 1670 balnea
834 1618 944 1688 portas.

125 1696 197 1757 hino
219 1695 333 1757 subitae
355 1704 467 1756 mortes
490 1704 578 1774 atque
601 1696 738 1757 intestata
760 1703 899 1755 senectus

125 1790 155 1841 et
177 1800 251 1841 nova
275 1799 331 1841 nec
353 1779 446 1841 tristis
468 1799 522 1859 per
544 1789 667 1841 cunctas
689 1779 787 1840 fabula
809 1796 913 1840 cenas:

123 1866 243 1927 ducitur
264 1866 346 1927 iratis
368 1866 568 1944 plaudendum
591 1866 681 1926 funus
703 1864 814 1926 amicis.

167 1951 209 2011 nil
232 1951 288 2012 erit
309 1951 433 2011 ulterius
456 1952 535 2029 quod
558 1951 667 2011 nostris
690 1950 823 2010 moribus
846 1949 931 2009 addat

122 2037 290 2115 posteritas,
315 2034 416 2095 eadem
439 2035 549 2095 facient
571 2035 752 2115 cupientque
775 2034 916 2105 minores,

125 2139 213 2181 omne
237 2121 267 2181 in
291 2119 445 2200 praecipiti
469 2119 571 2180 vitium
594 2121 684 2182 stetit.
730 2130 814 2181 utere
837 2119 917 2194 velis,

123 2213 202 2266 totos
223 2205 320 2284 pande
343 2203 436 2265 sinus.
481 2204 562 2266 dicas
583 2205 632 2265 hic
654 2205 780 2266 forsitan
799 2197 894 2264 ‘unde

122 2288 276 2370 ingenium
299 2307 356 2369 par
377 2288 539 2350 materiae?
562 2292 641 2351 unde
663 2290 712 2350 illa
736 2289 870 2370 priorum

121 2505 165 2546 me
186 2489 301 2546 servavit
324 2475 442 2562 Apollo'.
576 2490 634 2546 129
658 2488 684 2545 id
708 2498 757 2553 est,
780 2491 835 2545 itur
857 2486 890 2542 ad
912 2494 1009 2551 rostra,
1032 2485 1080 2542 ubi
1102 2485 1200 2543 habere

121 2573 212 2630 solent
233 2573 407 2648 triumphales
429 2582 531 2631 statuas
553 2573 602 2630 viri
623 2574 712 2648 magni
734 2574 788 2630 sive
811 2573 962 2646 quadrigas.
1053 2574 1111 2630 130
1129 2575 1200 2629 Ara-

120 2657 241 2715 barches.
266 2658 378 2715 Arabiae
400 2661 534 2734 princeps.
669 2661 726 2717 133
757 2659 820 2714 dum
847 2657 939 2714 divites
963 2656 1038 2713 tarde
1060 2657 1200 2731 recedunt,

122 2743 233 2800 clientes
257 2751 409 2819 expectant.
440 2760 601 2819 quamquam
625 2744 701 2800 tarda
723 2743 757 2799 sit
785 2742 886 2798 homini
915 2759 976 2816 spes
1004 2742 1125 2799 cenandi.
1155 2753 1202 2800 aut

120 2828 144 2884 si
166 2829 225 2901 quis
248 2837 321 2884 certe
343 2845 398 2883 nou
420 2829 536 2885 multum
559 2827 655 2884 habeat
676 2829 702 2883 in
727 2828 807 2884 domo
837 2844 885 2884 sua
913 2827 986 2901 quod
1017 2837 1110 2894 cenet,
1143 2837 1200 2884 tum

121 2913 300 2984 conpatitur
323 2913 434 2968 divitum
455 2930 561 2970 mensas
582 2924 713 2986 spectare.
805 2915 863 2971 135
887 2913 920 2969 de
941 2914 1092 2970 venatione.
1116 2929 1199 2988 quare

123 2997 254 3071 optimum
278 3005 319 3052 est
341 2997 394 3052 hoc
416 3013 448 3052 ex
470 2997 611 3053 affectione
633 3007 661 3054 et
688 2998 786 3055 invidia
815 2997 1004 3072 parasitorum.
1138 3001 1196 3058 138

120 3081 220 3138 mensis
243 3081 347 3146 citreis,
377 3098 444 3154 quas
466 3082 613 3155 antiquitus
635 3084 661 3138 in
683 3100 781 3157 magno
804 3084 890 3156 pretio
920 3083 1063 3140 habebant.
1092 3093 1138 3141 aut
1167 3085 1199 3142 de

121 3166 213 3224 ebore.
347 3169 403 3224 141
428 3167 500 3240 apud
522 3169 647 3241 antiquos
670 3168 850 3225 munificentia
872 3167 1013 3224 videbatur
1036 3169 1197 3243 apparatior,

122 3253 144 3308 si
167 3251 193 3307 iu
217 3252 339 3308 convivio
362 3252 500 3307 cuiusdam
522 3268 585 3326 aper
607 3252 712 3327 integer
742 3254 836 3310 luisset
863 3253 1005 3310 exhibitus.
1139 3256 1197 3312 142

120 3353 236 3410 poenam
259 3337 415 3409 dicitquod
439 3336 513 3392 solus
535 3341 676 3404 voraverit,
700 3339 773 3413 quod
795 3338 886 3395 multis
909 3337 1033 3394 sulficere
1054 3339 1197 3411 potuisset.

211 3425 269 3480 144
291 3422 317 3478 id
334 3431 374 3478 est
388 3431 513 3479 mortuus
529 3430 571 3479 est
584 3426 780 3480 manducando.
885 3426 943 3481 146
960 3420 1097 3488 insultant,
1122 3424 1197 3497 quod

121 3505 155 3562 de
181 3507 360 3581 indigestione
388 3507 422 3562 sit
449 3516 573 3564 mortuus
601 3510 751 3567 intestatus.
780 3508 812 3564 de
838 3507 914 3563 cuius
943 3515 1101 3565 testamento
1132 3509 1197 3565 nihil

122 3593 260 3648 consecuti
275 3601 347 3649 sunt.
438 3595 495 3650 149
512 3593 586 3650 velis.
603 3595 726 3651 dictionis
741 3594 813 3657 dicit,
830 3592 881 3648 hoc
896 3601 937 3649 est
951 3601 1057 3649 saturae
1072 3593 1196 3651 scriben-

122 3675 180 3733 dae.
271 3681 327 3736 151
351 3677 447 3735 Lucilli
468 3687 494 3734 et
516 3689 676 3736 ceterorum.

208 3866 256 3919 131
275 3882 395 3932 mengere
414 3869 554 3934 Pmegere
570 3885 589 3935 p
608 3868 702 3919 meiere
720 3875 750 3918 w
769 3869 923 3918 Priscianus
940 3869 1075 3936 Eutyches
1145 3870 1193 3920 143

121 3930 215 3984 crudus
234 3935 266 3984 12:
286 3935 389 3987 crudum
406 3952 424 4001 p
444 3937 545 3988 Ptooas
567 3936 648 3987 solsol.
667 3937 741 3985 Persi
845 3939 894 3988 144
912 3936 1033 3989 infestata
1051 3937 1193 3988 Meduacus

207 4003 256 4054 149
275 4003 349 4054 stetis
367 4009 399 4054 ot
415 4004 527 4057 uidetur
545 4005 610 4070 Ppr.
681 4006 730 4057 150
749 4003 819 4056 dices
836 4006 903 4071 Ppr.
