2656 4440
494 245 588 298 LIBER
606 248 614 299 l
650 246 781 299 SATVRA
799 247 829 298 lll

124 415 363 496 discipulumque
385 436 478 479 senex
500 419 565 497 ripa
588 420 716 480 nutritus
739 422 769 481 in
793 419 850 494 illa,

125 502 156 562 ad
181 520 271 580 qnam
296 501 447 580 Gorgonei
470 504 588 583 delapsa
611 513 656 565 est
678 505 770 584 pinna
794 503 906 567 caballi.

123 605 183 647 non
207 596 254 648 est
275 587 410 648 Romano
434 588 571 667 cuiquam
595 589 678 651 locus
700 590 757 663 bic,
780 590 831 650 nbi
853 600 958 669 regnat

124 671 309 751 Protogenes
331 671 437 750 aliquis
458 674 504 734 vel
528 674 662 753 Diphilus
683 687 734 735 aut
756 676 965 749 Hermarchus,

124 759 173 836 qni
196 757 295 836 gentis
315 757 386 818 vitio
410 777 572 837 numquam
595 760 722 838 partitur
744 762 880 834 amicum,

123 842 204 904 solus
224 842 324 904 habet.
354 861 422 903 nam
446 862 514 904 cum
536 844 651 904 facilem
674 846 790 906 stillavit
810 846 840 907 in
865 864 965 908 aurem

124 927 263 1006 exiguum
286 927 323 988 de
345 937 469 989 naturae
491 929 662 1008 patriaeque
683 949 810 1003 veneno,

124 1013 226 1075 lmine
248 1031 446 1088 summoveor,
470 1014 625 1093 perierunt
648 1025 782 1094 tempora
804 1016 887 1095 longi

123 1098 250 1172 servitii3
274 1117 420 1176 nusquam
444 1099 544 1159 minor
566 1109 610 1160 est
632 1100 743 1161 iactura
766 1100 891 1162 clientis.

165 1182 246 1262 qnod
270 1202 361 1263 porro
385 1184 526 1259 officinm,
550 1203 588 1245 ne
611 1183 699 1247 nobis
721 1184 863 1259 blandiar,
886 1196 936 1247 ant
957 1187 1036 1264 quod

123 1269 263 1347 pauperis
286 1269 334 1330 hio
356 1269 505 1344 meritum,
529 1270 554 1330 si
576 1281 660 1331 cnret
684 1281 771 1331 nocte
795 1281 912 1349 togatus

123 1371 256 1425 currere,
282 1372 349 1414 cum
372 1363 494 1434 praetor
516 1355 651 1415 lictorem
675 1355 806 1435 impellat
828 1366 857 1416 et
879 1358 922 1417 ire

123 1439 315 1517 praecipitem
339 1439 438 1500 iubeat
460 1440 571 1500 dudum
593 1440 781 1518 vigilantibus
803 1441 894 1512 orbis,

124 1543 162 1583 ne
186 1524 269 1602 prior
291 1523 427 1585 Albinam
451 1536 480 1586 et
502 1525 627 1585 Modiam
652 1527 763 1604 collega
786 1525 913 1587 salutet?

123 1608 219 1670 divitis
241 1609 290 1669 hic
312 1627 398 1670 servo
421 1609 513 1671 cludit
535 1610 611 1671 latus
633 1610 835 1689 ingenuorum

123 1693 218 1770 filius;
242 1695 316 1755 alter
338 1695 418 1755 enim
442 1696 640 1773 quantumin
664 1695 782 1775 legione
804 1697 918 1757 tribuni

122 1780 282 1857 accipiunt,
306 1778 398 1840 donat
420 1779 555 1841 Calvinae
578 1781 624 1840 vel
645 1781 791 1859 Catienae,

122 1874 155 1923 ut
177 1865 269 1925 semel
293 1872 344 1924 aut
366 1865 474 1926 iterum
497 1884 588 1944 super
610 1866 688 1927 iham
712 1867 850 1947 palpitet3
874 1876 903 1926 at
924 1875 965 1938 tu,

123 1966 190 2009 cum
214 1949 268 2010 tibi
290 1949 386 2010 vestiti
409 1950 499 2012 facies
521 1952 611 2012 scorti
634 1952 740 2031 placet,
763 1953 866 2012 haeres
1157 1959 1200 2009 135

124 2042 152 2093 et
176 2033 292 2095 dubitas
313 2034 371 2095 alta
393 2035 527 2097 Chionen
552 2036 698 2098 deducere
721 2037 801 2099 sella.

123 2239 181 2295 eius
209 2239 354 2314 perniciem
385 2257 444 2296 cnm
477 2243 572 2298 ceteris
602 2242 778 2301 coniurasset.
808 2244 860 2300 hoc
892 2241 1059 2315 temporibus
1087 2241 1200 2298 Neronis

120 2323 222 2381 factum
245 2334 295 2382 est.
387 2329 443 2384 117
468 2327 540 2400 apud
562 2328 674 2383 Tarsum
697 2329 829 2386 civitatem
845 2328 957 2400 Ciliciae,
981 2344 1059 2401 quam
1076 2337 1201 2399 praeter-

121 2408 181 2466 nuit
208 2409 292 2466 amnis
316 2410 434 2484 Cydnus.
463 2412 538 2468 ouius
563 2410 640 2468 urbis
662 2422 702 2469 est
724 2414 849 2470 conditor
870 2414 1000 2475 Perseus,
1031 2413 1078 2486 qni
1102 2428 1201 2467 nomen

122 2494 220 2551 civitati
248 2512 279 2551 ex
307 2496 379 2553 iacto
402 2496 489 2568 dedit,
516 2497 577 2570 qnia
600 2496 636 2553 ibi
658 2515 710 2553 nna
734 2517 765 2554 er
788 2496 914 2554 talaribus
936 2498 1025 2570 pinnis
1048 2497 1072 2552 ei
1095 2496 1201 2552 excidit.

124 2581 183 2639 118
207 2580 279 2654 apud
302 2580 405 2637 Tarson
426 2591 540 2657 propter
560 2583 686 2639 Perseum
710 2593 737 2638 et
756 2584 896 2656 Pegasum,
920 2583 993 2655 quod
1016 2582 1049 2637 de
1070 2582 1201 2652 sanguine

121 2664 245 2722 hledusae
267 2683 354 2741 equus
378 2676 456 2723 natus
478 2667 513 2722 sit
534 2668 661 2740 Pegasus.
752 2670 807 2725 121
827 2667 919 2723 Graeci
942 2667 1012 2723 enim
1033 2664 1084 2722 soli
1104 2665 1201 2721 volunt

120 2749 264 2806 maioribus
287 2751 364 2807 amici
385 2767 453 2817 esse,
476 2751 530 2809 hoc
552 2764 594 2808 est
608 2758 807 2828 μονοφιλεῖς.
898 2753 956 2809 124
972 2751 1055 2825 longi.
1072 2750 1200 2824 quicquid

121 2845 183 2892 ante
205 2834 353 2893 obsecutus
374 2854 442 2893 sum.
533 2838 591 2895 125
615 2839 703 2894 minus
718 2855 848 2911 nusquam
866 2839 990 2893 damnum
1005 2846 1047 2894 est
1060 2837 1087 2892 iu
1104 2835 1200 2893 cliente

122 2919 270 2994 perdendo.
292 2930 407 2996 propter
429 2922 558 2978 Graecum
582 2921 743 2980 excluditur.
833 2923 890 2980 127
915 2923 990 2996 quid,
1013 2923 1109 2996 inquit,
1132 2939 1200 2996 pau·

121 3022 171 3079 per
197 3005 311 3080 ampHus
339 3005 460 3064 tacturus
490 3017 544 3071 est,
575 3025 636 3063 cum
664 3009 721 3082 ipse
750 3019 880 3082 patronus
902 3009 935 3065 ad
957 3008 1069 3065 aliorum
1093 3007 1202 3064 festinet

122 3089 304 3164 obsequium?
395 3094 452 3150 129
476 3093 509 3148 ad
525 3110 595 3167 qnos
610 3094 782 3168 heredipetae
797 3093 898 3149 volant.
985 3093 1104 3168 quamvis
1119 3110 1200 3165 prae-

122 3185 165 3230 tor
194 3192 242 3233 eos
270 3187 439 3242 contemnat,
471 3178 578 3235 festinat
601 3187 699 3234 tamen.
806 3179 854 3234 has
877 3177 957 3234 orbas
980 3187 1007 3234 et
1028 3177 1122 3232 divites
1143 3176 1202 3232 vult

122 3259 243 3334 inteligi.
333 3264 390 3320 131
416 3265 511 3319 autin
533 3263 649 3319 medium
672 3280 777 3320 servum
800 3263 882 3318 mittit
904 3262 996 3319 autin
1019 3260 1124 3316 sinistra
1140 3280 1199 3318 am-

120 3343 205 3402 bulat.
306 3347 365 3406 132
389 3350 511 3422 cogitur,
535 3348 636 3422 inquit,
659 3350 792 3421 ingenuus
815 3364 925 3404 currere
947 3363 1008 3403 cum
1030 3345 1131 3411 servis,
1154 3347 1201 3420 qni

122 3447 152 3486 se
180 3430 353 3489 lacultatibns
380 3434 501 3491 vincunt.
527 3444 657 3509 quantum
680 3434 750 3490 enim
773 3432 874 3488 tribuni
895 3432 985 3488 solent
1006 3430 1127 3504 accipere
1148 3432 1200 3487 sti-

120 3515 220 3588 pendii,
243 3526 348 3574 tantum
370 3519 440 3575 servi
461 3518 645 3576 meretricibus
669 3521 780 3575 donant.
871 3519 927 3575 133
952 3516 1084 3590 praetoris
1106 3517 1201 3572 cnius-

122 3599 182 3656 dam
211 3618 305 3667 soror,
335 3620 405 3676 qnae
427 3622 456 3661 se
478 3604 575 3661 occidit
597 3613 732 3678 tamquam
752 3603 856 3659 infamis
878 3603 904 3658 in
926 3602 1010 3658 fratre
1032 3600 1199 3676 temporibus

124 3685 225 3743 Claudi.
316 3689 374 3747 136
397 3690 459 3746 inde
481 3689 600 3746 sellariae
623 3690 759 3745 dicuntur.
781 3690 806 3745 id
830 3698 871 3745 est
893 3686 997 3744 asella.
1014 3702 1095 3742 unam
1109 3703 1200 3742 mere-

207 3871 256 3921 117
275 3867 479 3936 discipulamque
497 3869 643 3921 Fllitterus
740 3872 788 3922 122
807 3868 882 3920 laoile
899 3870 967 3932 Ppr.
1076 3870 1122 3919 121
1142 3881 1198 3945 cur·

121 3938 199 4054 palmi
213 3938 317 4070 Pprd3⁰
336 3936 390 3988 Nec
408 3938 476 4003 Ppr.
546 3945 625 4003 antp
708 3940 753 3990 131
774 3937 841 3989 serni
862 3936 992 4002 clauditp
1070 3936 1199 3986 13311111-
