2656 4440
222 187 261 247 16
708 188 813 242 Pnnstl

221 363 280 425 bile
302 373 411 438 tumct;
434 363 524 425 Nerio
546 363 603 424 iam
626 362 713 424 tertia
737 362 875 424 conditur
897 355 998 423 uxor'.

220 450 295 511 haec
317 457 419 511 sancte
441 458 475 510 ut
497 467 611 528 poscas,
634 448 776 510 Tiberino
798 447 828 508 in
852 448 968 526 gurgite
990 447 1100 526 mergis
1270 456 1300 506 lo

220 554 308 597 mane
331 543 419 614 caput
441 534 486 596 bis
507 543 611 613 terque
634 543 664 595 et
686 542 804 595 noctem
826 533 948 593 flumine
970 550 1089 611 purgas.

220 621 295 683 heus
317 638 380 698 ago,
402 621 550 700 responde
572 652 614 665 -
636 619 791 679 minimum
813 627 858 680 est
880 618 957 696 quod
985 618 1061 678 scire
1083 616 1187 678 laboro
1209 653 1254 665 -

220 705 256 767 de
278 706 346 767 Iove
368 706 438 784 quid
460 703 578 768 sentis?
600 715 684 766 estne
705 714 739 766 ut
760 721 946 783 praeponere
969 721 1054 764 cures

219 791 301 852 bunc
323 825 364 836 —
387 789 527 853 cuinam?
549 788 690 851 cuinam?
711 789 755 852 ris
778 788 877 850 Staio?
899 808 936 849 an
959 789 1071 849 scilicet
1093 785 1220 849 haeres?

221 877 287 956 quis
309 877 408 956 potior
430 875 526 948 iudex,
549 876 685 954 puerisve
707 876 774 954 quis
796 876 892 954 aptior
915 871 1019 935 orbis?
1268 883 1299 934 tu

219 961 277 1023 hoc
299 961 399 1040 igitur,
421 980 481 1039 quo
503 970 536 1022 tu
559 960 635 1021 loris
657 978 757 1022 aurem
782 959 934 1040 impellere
955 967 1089 1037 temptas,

220 1047 266 1108 dic
288 1046 413 1126 agedum
437 1046 531 1107 Staio:
552 1038 620 1124 ‘pro
644 1045 786 1125 Iuppiter,
809 1065 827 1106 o
849 1037 936 1105 bone'
961 1044 1068 1105 clamet

215 1125 383 1212 ‘luppiter’.
420 1140 449 1192 at
470 1150 535 1192 sese
558 1149 619 1192 uon
642 1131 747 1193 clamet
768 1131 903 1215 luppiter
923 1127 1008 1210 ipse?

217 1217 365 1297 ignovisse
388 1226 483 1296 putas,
507 1216 574 1295 quia
597 1234 664 1277 cum
688 1226 780 1291 tonat,
804 1217 886 1277 ocius
909 1215 967 1276 ilex

218 1303 340 1383 sulpure
362 1302 517 1363 discutitur
538 1320 622 1363 sacro
644 1321 732 1380 quam
754 1311 847 1380 tuque
869 1296 1055 1378 domusque?
1266 1309 1295 1359 15

218 1407 256 1448 an
279 1388 347 1466 quia
371 1406 432 1448 non
457 1385 538 1447 fibris
558 1387 656 1447 ovium
678 1387 878 1467 Ergennaque
900 1387 1021 1447 iubente

218 1526 268 1583 diis
297 1542 347 1599 pro
376 1525 477 1582 meritis
508 1524 642 1600 accipiunt
669 1526 812 1590 heredem,
847 1534 874 1581 et
901 1525 988 1599 primo
1016 1533 1124 1580 mortuo
1158 1523 1296 1579 secundus

218 1611 347 1668 succedit.
450 1613 487 1668 14
511 1627 608 1667 nomen
631 1610 724 1668 fictum
746 1620 795 1668 est.
838 1609 934 1667 Nerius
956 1609 1064 1682 quidam
1085 1615 1173 1665 morte
1194 1609 1295 1664 coniu-

217 1713 281 1771 gum
303 1695 483 1769 locupletatus
505 1695 656 1752 faenerator
677 1695 764 1752 lactus
786 1704 828 1752 est
848 1695 1011 1759 notissimus,
1035 1695 1067 1751 de
1089 1710 1144 1768 quo
1167 1692 1295 1749 Horatius

217 1782 254 1838 ait
276 1780 341 1855 [eat.
365 1782 394 1845 2,
419 1782 447 1844 3,
473 1779 523 1855 69]
540 1775 644 1838 ‘scribe
666 1781 759 1837 decem
780 1775 887 1837 Nerio'.
931 1779 984 1845 ille,
1009 1779 1112 1854 inquit,
1136 1776 1294 1834 nobilitatus

217 1868 346 1940 coniuges
367 1866 536 1931 tumulando,
558 1883 616 1923 mea
639 1883 708 1923 uxor
729 1882 779 1923 nec
800 1875 940 1940 aegrotare
960 1865 1070 1938 patitur.
1114 1864 1163 1919 dos
1184 1862 1257 1919 enim
1279 1880 1294 1919 a

217 1951 273 2009 cire
293 1952 414 2008 Romano
438 1952 511 2017 data,
542 1968 599 2007 non
621 1951 761 2025 cupatrio
784 1951 997 2015 dictanomine,
1027 1950 1049 2006 si
1071 1948 1213 2022 repudium
1235 1964 1293 2004 non

215 2037 399 2101 intervenerit,
421 2046 485 2111 post
505 2044 620 2093 mortem
642 2036 732 2093 uxoris
754 2037 787 2093 ad
808 2035 931 2093 maritum
946 2035 1074 2110 pertinet.
1163 2037 1199 2091 15
1223 2040 1294 2090 tem·

216 2139 284 2197 pore
306 2137 360 2196 quo
383 2122 449 2178 haec
470 2121 592 2195 postulas
614 2131 653 2183 tu,
677 2122 797 2195 quisquis
820 2140 847 2177 es
869 2138 973 2181 avarus.
995 2127 1074 2195 putas
1095 2127 1124 2176 te
1145 2126 1217 2175 easte
1238 2135 1293 2191 pe-

218 2216 291 2270 tere,
314 2207 338 2262 si
357 2206 430 2263 lotus
444 2207 563 2281 petieris.
585 2206 657 2262 lotus
680 2216 821 2281 propterea
844 2206 917 2281 quod
939 2216 1073 2261 nocturno
1095 2204 1169 2261 coitu
1190 2203 1226 2258 sis
1248 2203 1295 2259 in-

217 2292 352 2367 quinatus.
464 2295 500 2351 19
524 2308 622 2347 nomen
651 2291 758 2355 lictum,
792 2291 928 2365 quomodo
957 2307 1039 2364 supra
1065 2289 1154 2346 Nerio.
1200 2287 1294 2345 Aelius

216 2377 305 2435 Staius
333 2377 361 2433 in
384 2377 493 2433 Iuniano
521 2377 618 2433 iudicio
645 2385 673 2434 et
701 2377 837 2433 consortio
865 2376 947 2440 sedit,
977 2376 1024 2449 qui
1044 2375 1185 2450 pecuniam
1208 2390 1223 2429 a
1243 2389 1294 2430 reo

216 2473 243 2520 et
271 2470 426 2520 accusatore
453 2462 556 2536 accepit
585 2462 743 2536 decepitque
764 2469 920 2536 utrumque.
965 2469 1023 2517 erat
1048 2478 1113 2532 ergo
1144 2461 1215 2515 inter
1237 2474 1295 2515 no-

218 2549 335 2606 tissimos
357 2548 437 2605 cives.
481 2549 569 2605 Staius
591 2558 679 2605 autem
702 2555 813 2622 praetor
828 2546 970 2604 tutelarius
984 2544 1045 2610 init,
1069 2546 1149 2602 Gutta
1164 2553 1191 2599 et
1206 2542 1295 2601 Albus

218 2643 245 2691 et
267 2634 349 2691 ceteri
371 2634 516 2707 praepositi
537 2633 647 2691 luerunt
668 2634 776 2697 iudices,
800 2633 845 2706 qui
869 2634 895 2687 in
918 2633 1028 2688 Iuniano
1051 2629 1148 2686 iudicio
1170 2628 1296 2702 corrupti

216 2719 392 2793 Oppianicum
419 2719 619 2775 damnaverunt.
728 2719 767 2775 23
801 2717 957 2774 referuntur
983 2716 1048 2773 baec
1073 2716 1105 2771 ad
1133 2723 1196 2770 rota
1223 2729 1296 2787 quae

215 2804 248 2859 ad
269 2802 352 2859 funus
374 2804 463 2877 patrui
485 2814 512 2860 et
535 2802 629 2876 pupilli
650 2804 797 2876 pertinent.
862 2812 889 2858 at
917 2817 991 2857 sese:
1022 2801 1106 2857 facete
1135 2800 1196 2856 erit.
1226 2815 1295 2854 sen-

215 2905 262 2943 sus
285 2896 374 2943 autem
397 2896 452 2942 est:
477 2888 530 2943 lovi
553 2903 609 2942 non
633 2886 751 2942 videatur
771 2887 954 2959 importunum
976 2886 1050 2959 quod
1070 2885 1142 2940 Staio
1165 2880 1295 2940 videtur‘l

303 2973 342 3030 25
373 2971 477 3028 sulfure
504 2988 556 3045 pro
589 2971 711 3028 fulmine.
776 2972 838 3043 quia
871 2971 934 3026 dum
965 2969 1068 3026 fulmen
1101 2969 1204 3032 cecidit,
1233 2969 1296 3025 loca

215 3057 301 3114 vicina
329 3057 413 3112 odore
442 3055 552 3112 sulfuris
578 3056 735 3130 implentur.
780 3055 852 3111 unde
880 3072 986 3111 sacrum
1014 3054 1087 3110 dixit.
1196 3055 1236 3111 26
1264 3054 1295 3109 in

215 3161 268 3200 usu
288 3142 348 3207 luit,
372 3151 403 3199 ut
423 3159 539 3216 augures
560 3141 601 3198 vel
624 3141 759 3214 aruspices
780 3140 887 3197 adducti
910 3141 942 3197 de
957 3140 1059 3196 Etruria
1082 3139 1162 3196 certis
1185 3149 1296 3213 tempo-

215 3226 290 3285 ribus
320 3226 429 3284 fulmina
458 3226 646 3300 transfigurata
678 3226 705 3281 in
732 3225 833 3299 lapides
860 3225 930 3282 inira
957 3233 1056 3281 terram
1084 3224 1294 3290 absconderent,

218 3313 294 3371 cuius
317 3313 343 3368 in
366 3311 505 3387 paratione
527 3312 565 3368 rei
589 3329 651 3368 oves
674 3310 889 3367 immolabantur.
932 3312 985 3366 boc
1007 3328 1071 3385 ergo
1087 3310 1163 3367 dicit:
1187 3318 1215 3365 et
1230 3309 1295 3383 quia

215 3400 331 3455 necdum
352 3406 379 3454 te
400 3396 511 3453 fulmine
532 3397 686 3470 perculsum
707 3396 828 3471 sepelivit
849 3398 933 3453 caesis
954 3396 1048 3453 hostiis
1070 3396 1208 3470 lingenda,
1232 3394 1294 3451 ideo

216 3483 320 3540 derides
342 3479 455 3540 loreml
478 3482 616 3555 Ergennae
638 3499 737 3538 nomen
758 3482 889 3555 aruspicis
913 3482 1003 3539 fictum
1025 3481 1173 3539 secundum
1188 3496 1294 3536 morem

214 3567 400 3624 Etruscorum.

305 3683 337 3732 14
356 3679 457 3732 ducitur
475 3679 587 3732 Seruius
606 3682 686 3747 Verg.
707 3696 801 3746 georg.
821 3680 861 3731 IV
876 3680 927 3731 256
999 3684 1029 3732 15
1047 3683 1138 3746 poscat
1151 3685 1174 3729 α
1227 3693 1293 3730 mer-

216 3749 296 3814 gita
369 3750 536 3800 16nocte0t
605 3753 740 3816 purgata
820 3750 850 3800 18
870 3753 910 3799 est
927 3752 998 3799 uta
1086 3751 1116 3801 19
1134 3747 1235 3799 cuinam
1254 3748 1294 3798 bie

214 3833 311 3882 margo
329 3818 364 3866 P:
386 3819 467 3868 semel
484 3818 693 3885 otPcuiquam?
711 3817 857 3877 cuinam&
943 3816 1040 3867 iaioP
1123 3816 1152 3867 21
1179 3813 1292 3881 quoda

303 3887 335 3937 22
360 3886 412 3936 taio
434 3888 458 3936 P
476 3886 581 3952 staiop
652 3888 684 3939 23
703 3885 734 3936 ad
754 3886 807 3935 αΡ
874 3885 906 3935 26
926 3884 1028 3935 *ouium
1047 3885 1071 3933 P
1148 3897 1293 3949 ergenaque

214 3955 282 4020 Ppr.
351 3953 455 4006 iuuente
473 3957 498 4006 P
