2656 4440
553 777 770 851 PERSll

368 991 936 1085 SATVRARVlll

591 1197 726 1251 LlBER

652 1403 667 1475 l

122 1542 147 1602 0
172 1559 258 1601 curas
280 1540 445 1615 hominum,
469 1559 487 1600 o
511 1548 655 1619 quantum
678 1540 775 1602 estin
798 1539 917 1603 rebus
910 1558 1009 1601 inane.

119 1620 200 1705 ‘quis
223 1627 300 1705 leget
322 1616 428 1686 haec?
455 1626 516 1686 min
540 1634 573 1686 tu
595 1627 673 1687 istud
696 1623 761 1687 ais?
784 1643 872 1686 nemo
894 1626 1024 1687 hercule.
1050 1613 1196 1686 ‘'nemo‘l

122 1713 168 1772 vel
190 1713 248 1772 duo
271 1712 316 1771 vel
339 1729 437 1772 nemo.
481 1704 583 1791 ‘turpe
605 1722 635 1772 et
656 1701 841 1773 miserabile.
890 1708 1004 1790 quare?

121 1816 160 1859 ne
184 1798 254 1858 mihi
276 1797 449 1877 Polydamas
472 1804 502 1857 et
523 1796 664 1858 Troiades
686 1797 856 1858 Labeonem

120 1880 338 1961 praetulerint?
362 1901 468 1961 nugae.
515 1902 576 1943 non
600 1883 624 1944 si
648 1881 718 1961 quid
740 1881 857 1944 turbida
880 1881 974 1945 Roma
1185 1893 1200 1944 t

122 1968 223 2041 elevet,
247 1968 369 2028 accedas
392 1986 552 2029 examcnvc
574 1967 746 2046 improbum
768 1968 799 2029 in
822 1967 870 2029 illa

122 2054 246 2131 castiges
268 2053 390 2127 trutina,
414 2073 469 2115 nec
491 2061 521 2114 te
543 2053 721 2132 quaesiveris
745 2061 835 2114 entra.

123 2157 190 2198 nam
212 2138 323 2200 Romae
346 2139 479 2235 estquis
502 2136 588 2199 non‘l
611 2157 644 2199 ac
667 2138 691 2200 si
715 2140 757 2200 las
780 2138 879 2199 dicere
901 2136 1016 2198 —sed
1039 2135 1083 2197 ias

124 2233 197 2284 tunc
220 2242 286 2284 cum
310 2223 346 2284 ad
369 2224 507 2285 canitiem
532 2232 561 2284 et
583 2231 718 2286 nostrum
741 2223 819 2285 istud
843 2222 938 2284 vivore
961 2222 1045 2285 triste

124 2309 223 2385 aspexi
246 2328 280 2369 ac
303 2308 431 2370 nucibus
453 2309 577 2369 iacimus
600 2326 805 2388 quaecumque
827 2306 945 2381 relictis,
1173 2314 1201 2366 to

125 2410 191 2452 cum
214 2394 344 2471 sapimus
366 2401 505 2471 patruos,
527 2402 601 2453 tunc
623 2400 760 2453 tunc—
781 2392 991 2470 ignoscite—
1009 2378 1122 2453 ‘nolo'.

211 2564 220 2618 l
247 2562 291 2620 1
285 2580 372 2618 inane.
417 2557 496 2624 ὅσον
511 2557 549 2623 τὸ
565 2555 670 2624 κενόν.

126 2647 198 2703 hunc
220 2664 327 2703 versum
350 2647 382 2704 de
404 2646 488 2704 Lucili
509 2647 597 2722 primo
621 2645 770 2711 transtulit,
797 2654 825 2702 et
846 2644 916 2703 bene
937 2646 1007 2702 vitae
1029 2644 1089 2702 vitia
1111 2645 1204 2703 incre-

125 2748 192 2827 pans
214 2731 247 2788 ab
271 2732 447 2788 admiratione
464 2732 565 2807 incipit.
653 2735 671 2790 4
694 2730 782 2788 Labeo
798 2730 934 2788 transtulit
949 2729 1056 2788 lliadem
1072 2739 1099 2786 et
1114 2731 1203 2806 Odys-

124 2818 189 2872 siam
212 2815 323 2872 verbum
346 2835 378 2874 ex
399 2816 482 2874 verbo
505 2817 616 2874 ridicule
638 2818 712 2874 satis.
750 2817 807 2874 eius
830 2827 870 2875 est
885 2814 930 2873 ille
944 2833 1054 2873 versus.
1074 2805 1202 2875 ‘crudum

123 2902 267 2958 manduces
290 2902 424 2958 Priamum
447 2902 598 2976 Priamique
620 2898 753 2977 pisinnos'
776 2901 824 2977 [It
849 2905 877 2968 4,
902 2900 963 2976 35]
1051 2905 1068 2962 6
1093 2919 1202 2959 examen

125 2997 165 3042 est
186 2987 276 3062 lingua
299 2987 341 3043 vel
362 2987 463 3055 linum,
495 2988 568 3062 quod
597 2989 710 3045 mediam
738 2989 839 3045 hastam
868 2988 1059 3064 adaequanda
1083 2988 1203 3062 pondera

125 3081 208 3128 tenet.
298 3076 314 3130 7
338 3073 468 3147 castigare
490 3082 531 3129 est
553 3073 636 3147 digito
658 3073 754 3130 libram
782 3082 940 3148 percutere,
971 3084 1001 3131 ut
1029 3082 1202 3148 temperetur.

211 3157 310 3214 trutina
332 3156 463 3224 foramen,
486 3158 554 3215 intra
578 3159 653 3234 quod
674 3159 760 3216 linum
782 3159 824 3215 vel
845 3160 948 3235 lingua,
972 3160 1005 3216 de
1028 3177 1082 3234 quo
1106 3158 1203 3215 exami-

125 3244 196 3298 natio
220 3250 269 3299 est.
362 3245 397 3300 l0
422 3245 538 3301 catamiti
560 3244 658 3319 quibus
685 3244 799 3302 licenter
820 3244 968 3302 utebantur
989 3245 1100 3318 antiqui,
1123 3260 1202 3301 rece·

126 3328 218 3384 dentes
241 3346 254 3384 a
277 3328 350 3401 turpi
371 3328 479 3384 servitio
503 3346 585 3386 nuces
607 3329 778 3404 spargebant,
800 3339 832 3386 ut
852 3329 1034 3404 significarent
1047 3347 1075 3385 se
1092 3328 1203 3402 puerilia

126 3421 221 3469 cuncta
243 3429 371 3487 spernere
393 3421 420 3469 et
442 3414 467 3468 io
489 3413 575 3470 robur
597 3414 671 3471 virile
693 3416 792 3472 venire.
876 3418 909 3472 11
931 3414 1017 3489 patrui
1039 3414 1125 3472 severi
1138 3425 1203 3473 sunt

216 3592 227 3643 I
243 3597 440 3660 praescriptum
453 3593 534 3646 Persii
552 3593 636 3647 Flacci
654 3599 740 3663 satyra
758 3595 867 3662 inci(pit)
887 3599 912 3642 ct
928 3590 1118 3649 Thebaidorum
1131 3596 1202 3650 Persi

127 3664 210 3710 satura
225 3662 285 3712 Pin
297 3679 349 3727 quo
365 3664 532 3727 praecedunt
543 3664 688 3714 oboliambi
706 3667 754 3729 qui
770 3662 847 3725 infra
865 3662 977 3712 edentur
1047 3667 1064 3717 4
1082 3666 1113 3716 de
1126 3668 1202 3717 Attio

127 3728 250 3778 Labeone
273 3727 308 3790 cf.
326 3746 445 3782 muscum
467 3733 543 3786 rben
560 3731 637 3797 3912.
655 3731 708 3785 289
731 3732 810 3794 (adde
828 3732 936 3782 titolum
961 3731 1024 3785 011..
1046 3733 1116 3786 XIV
1127 3734 1202 3799 2405)

119 3801 143 3848 Ὶ6
162 3811 319 3864 examenque
337 3805 382 3864 otp
446 3804 460 3852 'l
480 3800 637 3866 quaesiuerit
656 3806 680 3851 α
756 3802 876 3852 8romae
894 3803 934 3851 est
953 3806 976 3850 α
997 3801 1153 3864 Plromaest
1170 3803 1203 3869 B)

128 3871 168 3917 est
187 3880 237 3917 om.
258 3871 277 3927 ς
329 3881 359 3918 ac
378 3869 452 3918 otl’:
471 3876 499 3919 at
515 3869 561 3918 real
577 3868 646 3932 ιιΙις
698 3864 848 3920 9'l'unc1’:
868 3866 970 3920 Tama
1024 3873 1054 3922 11
1069 3871 1202 3938 rgnoecrte

127 3933 188 3985 nolo
207 3949 242 3983 ec
258 3948 314 3983 una
329 3949 445 3998 perrona
464 3936 515 3987 alii

975 4019 1008 4073 X*
