2656 4440
139 200 162 253 x
581 194 765 250 PRAEFATIO

138 372 227 451 longe
249 370 373 433 ulterius
395 371 426 431 in
450 372 504 432 bac
527 363 573 431 ria
594 388 770 450 progressus
794 379 838 432 est
861 369 931 430 Otto
953 367 1145 439 Ribbeoldos,
1168 369 1220 447 qui

140 493 208 535 cum
231 475 351 536 'saturas
379 473 407 534 Χ
434 472 489 534 Xll
510 473 578 534 XIII
600 472 664 533 XIV
694 473 744 533 xv
772 472 837 533 XVI
866 472 996 534 Iuvenali
1026 471 1217 544 abiudicaret,

141 586 174 639 ut
195 596 212 637 a
235 576 431 638 declamatore
455 577 554 655 aliquo
570 576 738 637 Iuvenalem
761 577 895 637 imitante
917 575 1111 653 conscriptas,
1135 582 1217 652 post·

140 698 228 759 quam
252 679 399 758 permulta
422 698 458 740 ex
473 679 595 758 reliquis
609 679 716 740 saturis
730 678 859 751 seclusit,
883 695 959 756 quae
974 685 1097 750 restant,
1120 694 1218 737 veram

139 781 285 843 luvenalis
300 781 468 860 imaginem,
490 800 579 860 quam
603 781 704 842 nescio
726 781 807 841 unde
830 780 947 841 ductam
970 779 1069 839 animo
1092 779 1148 840 sibi
1171 779 1218 839 in-

140 885 284 959 formavit,
301 884 398 963 aliquo
415 884 503 945 modo
518 892 743 964 repraesentare
758 883 883 945 censuit.
921 882 1124 960 aliquomodo
1141 881 1219 951 dico,

141 988 281 1067 quoniam
304 987 382 1048 baud
403 1005 497 1068 pauca
519 987 564 1047 vel
586 987 616 1048 in
640 986 777 1047 Iuvenale
793 987 946 1047 decurtato
968 985 1120 1063 leguntur,
1142 1002 1219 1062 quae

142 1108 203 1151 non
227 1090 326 1151 minus
340 1089 516 1168 displiceant
532 1107 619 1169 quam
638 1107 741 1150 eorum
766 1107 840 1167 quae
859 1088 950 1149 eiecta
968 1096 1039 1148 sunt
1051 1086 1130 1146 bona
1142 1104 1219 1164 pars,

142 1210 277 1270 quaeque
299 1192 450 1253 deleturus
464 1192 529 1266 fuit,
554 1193 579 1253 si
603 1191 672 1270 quid
690 1191 841 1270 intellego,
866 1189 1057 1260 Ribbeckius‚
1080 1189 1168 1249 modo
1191 1189 1219 1248 id

141 1294 205 1373 pari
233 1294 370 1354 facilitate
395 1293 473 1354 ellici
496 1293 650 1372 potuisset.
701 1311 799 1371 neque
827 1292 899 1352 mibi
931 1300 1012 1352 certe
1041 1290 1221 1351 Ribbeckius

143 1394 229 1469 libro,
246 1415 333 1475 quem
351 1395 501 1474 inscripsit
517 1397 566 1456 der
578 1395 651 1457 celte
661 1396 722 1456 und
737 1396 787 1458 der
797 1394 914 1455 uneebte
929 1392 1051 1454 iuvenci
1065 1398 1102 1469 (a.
1114 1392 1220 1477 1865),

143 1517 202 1577 quo
226 1498 393 1576 exemplum
416 1498 446 1557 in
464 1497 593 1558 editione
615 1516 640 1558 a.
656 1498 737 1561 1859
753 1496 940 1575 propositum
955 1495 1088 1557 doctrina
1105 1504 1135 1556 et
1150 1513 1220 1555 acu·

141 1602 223 1661 mine
245 1599 411 1680 approbare
434 1599 562 1673 studuit,
591 1600 651 1661 ullo
681 1600 768 1659 modo
797 1599 959 1677 persuasit,
991 1617 1087 1677 neque
1114 1598 1221 1659 vetusti

141 1704 219 1773 libri,
243 1721 330 1780 quem
348 1702 461 1763 iocatus
477 1702 614 1781 appellat,
637 1703 682 1762 vel
698 1701 777 1761 docti
792 1701 886 1773 amici,
910 1702 960 1779 qui
975 1711 1131 1780 postquam
1147 1720 1220 1780 pau·

143 1807 186 1867 cis
208 1805 311 1866 diebus
334 1786 423 1864 unam
446 1804 627 1882 alteramque
649 1815 779 1865 saturam
802 1803 937 1882 perlegit,
962 1804 1061 1864 omnia
1087 1804 1143 1864 iam
1169 1804 1220 1863 de·

142 1907 231 1969 lendo
255 1917 283 1967 et
299 1900 525 1985 transponendo
548 1905 672 1985 pulchre
688 1905 850 1984 composita
873 1924 937 1967 esse
952 1905 1094 1977 clamavit,
1118 1923 1221 1984 quam·

141 2010 185 2071 vis
207 2009 287 2088 gravi
309 2009 484 2069 auctoritate
507 2008 618 2068 moveri
640 2025 687 2068 me
703 2025 807 2086 passus
829 2027 904 2069 sum.
942 2026 1009 2068 nam
1034 2027 1071 2068 ne
1094 2009 1219 2068 alterum

144 2112 262 2190 quidem
286 2109 504 2190 transponendi
520 2110 686 2180 artificium,
709 2110 739 2170 in
763 2129 822 2188 quo
838 2111 949 2170 multus
971 2120 1016 2171 est
1030 2109 1218 2180 Ribbeekius,

142 2232 204 2273 rem
228 2212 298 2274 satis
313 2212 469 2291 promovit.
514 2210 603 2271 dubia
619 2220 704 2272 acute
721 2211 845 2273 movisse
860 2210 1054 2272 Ribbeckium
1078 2230 1218 2290 agnosco,

142 2316 194 2377 sed
218 2315 380 2375 remedium
403 2333 463 2393 quo
486 2315 580 2374 utitur
603 2314 647 2374 vel
668 2314 735 2375 ideo
758 2315 903 2393 displicet,
934 2315 1012 2391 quod
1044 2315 1124 2375 omni
1148 2333 1218 2393 pro-

142 2418 291 2478 babilitate
314 2425 403 2477 caret.
448 2434 626 2495 quamquam
650 2416 729 2477 enim
752 2416 782 2476 in
807 2434 908 2477 rerum
931 2425 1035 2476 natura
1050 2417 1127 2477 baud
1150 2435 1218 2477 raro

140 2538 210 2580 vere
233 2520 297 2581 fieri
318 2520 425 2594 videas,
450 2537 525 2598 quae
547 2529 669 2580 narratu
693 2539 754 2580 non
777 2519 940 2599 probabilia
963 2519 1032 2592 sint,
1063 2528 1161 2580 tamen
1186 2519 1216 2579 in

143 2623 224 2683 omni
246 2632 318 2695 arte,
343 2623 461 2701 quando
484 2641 551 2684 raro
575 2623 673 2684 evenit
694 2622 818 2701 utquid
841 2641 943 2683 verum
966 2623 1004 2683 sit
1026 2623 1115 2683 certis
1131 2640 1219 2699 argu-

142 2725 250 2785 mentis
266 2725 392 2798 evincas‚
411 2725 491 2785 omni
509 2726 597 2785 modo
612 2724 804 2785 adnitendum
822 2734 866 2786 est
880 2733 914 2784 ut
928 2724 1133 2802 probabilitate
1148 2742 1219 2803 per-

142 2827 274 2889 suadeas.
320 2845 406 2904 quam
430 2826 486 2887 nisi
509 2835 661 2887 assecutus
684 2827 783 2899 lucris,
807 2827 858 2904 qui
882 2827 1000 2886 tandem
1025 2844 1127 2885 verum
1151 2843 1166 2884 a
1190 2834 1219 2884 te

142 2930 295 2990 inventum
319 2947 382 2989 esse
406 2937 438 2988 ut
453 2929 591 2988 credatur
606 2925 791 3005 postulabis?
814 2927 1017 2987 difficillimam
1034 2927 1070 2985 de
1085 2925 1218 2986 versibus

143 3030 278 3092 insiticiis
301 3030 503 3109 quaestionem
526 3048 564 3089 ne
587 3029 677 3108 Sigm.
701 3028 777 3088 Guil.
801 3028 977 3088 Teuffelinm
1006 3028 1124 3106 quidem
1147 3045 1218 3105 pro-

143 3133 268 3194 movisse
290 3143 375 3212 puto.
419 3132 469 3210 qui
497 3150 565 3192 cum
594 3132 631 3192 de
659 3131 835 3208 quibusdam
866 3130 939 3191 locis
964 3140 1087 3210 propter
1109 3129 1218 3208 repeti·

141 3237 239 3297 tiones
260 3234 392 3296 molestis
415 3235 453 3294 ita
469 3234 622 3305 iudicaret,
644 3242 677 3294 ut
697 3233 823 3312 duplicis
845 3232 881 3292 ab
905 3234 968 3312 ipso
993 3241 1079 3312 poeta
1099 3232 1218 3293 institu-

143 3347 190 3400 tae
212 3337 397 3400 recensionis
425 3337 543 3414 vestigia
573 3348 758 3416 agnosceret,
787 3337 885 3414 potius
915 3336 984 3414 quid
1008 3354 1023 3395 a
1047 3344 1133 3414 poeta
1156 3354 1218 3394 non

143 3443 301 3520 repetitum
325 3459 388 3502 esse
404 3449 521 3518 optaret
532 3441 703 3515 declarasse,
728 3459 817 3518 quam
833 3440 901 3518 quid
926 3449 1012 3518 poeta
1029 3438 1132 3499 iecerit
1146 3457 1219 3516 pro-

144 3543 228 3604 basse
251 3544 322 3604 mibi
344 3544 469 3604 videtur.

230 3647 380 3708 stonum
396 3656 524 3707 saturam
547 3646 578 3706 in
601 3645 703 3706 codice
726 3645 896 3707 monasterii
912 3644 1069 3706 Bobiensia
1092 3663 1118 3707 a.
1136 3646 1218 3708 1493

146 3748 295 3809 inventam
318 3748 387 3808 inde
410 3748 530 3809 abstulit
546 3748 691 3826 Georgius
705 3747 816 3808 Merula
833 3747 1048 3808 Alexandrinus
1069 3754 1144 3808 teste
1161 3746 1219 3806 Ra·

147 3850 251 3929 pbaele
275 3850 465 3911 Volaterrano
489 3868 595 3911 comm.
620 3849 685 3910 urb.
708 3849 745 3909 IV
769 3850 818 3910 lol.
842 3852 882 3913 56
906 3850 950 3910 ed.
974 3848 1058 3908 Rom.
1082 3866 1107 3908 a.
1127 3851 1219 3912 1506.

146 3953 197 4030 qui
220 3970 286 4013 cum
310 3952 388 4013 inter
410 3953 501 4014 libros
516 3952 601 4013 Bobii
617 3961 752 4031 repertos
776 3952 911 4014 nominet
932 3951 1077 4013 heroicum
1100 3950 1221 4031 Sulpitii
