2656 4440
75 279 109 332 lV
523 277 708 337 PRAEFATIO

74 450 255 513 stituendam
277 468 341 512 esse
363 451 561 513 demonstravi
584 453 626 530 (in
650 452 722 514 actis
744 471 805 514 soc.
828 452 883 513 litt.
898 454 1054 515 saxonicae
1072 454 1153 517 1851

75 573 104 633 r·
129 554 280 631 eoasqq.)

204 653 324 715 Flavius
351 652 446 715 Iulian
471 654 669 734 Trysoaiooos
692 654 817 716 Sabinos
838 676 866 715 o.
889 674 911 715 c.
933 665 1076 735 protector
1106 656 1156 717 do·

204 761 336 817 meoticas
363 761 501 836 temptavi
526 759 675 819 emendare
703 762 764 818 eine
801 756 971 837 ontiproplto
1004 777 1100 818 mcum
1129 768 1157 819 et

204 860 344 921 adnotavi
363 859 528 920 Bersellooc
549 879 617 922 coes.
641 862 686 922 dd.
709 880 761 922 ao.
786 861 907 922 Arcadio
930 872 955 921 et
970 859 1099 923 Honorio
1122 858 1152 921 V.

76 963 180 1024 eodem
204 980 282 1022 anno
307 964 369 1025 402
386 981 415 1041 p.
433 960 500 1023 Chr.
524 982 554 1023 n.
578 962 707 1025 Sabinus
728 963 881 1041 trigesimo
903 963 1005 1024 aetatis
1028 971 1058 1024 et
1078 962 1158 1024 mili-

76 1066 133 1126 tiae
163 1065 268 1143 quinto
298 1063 422 1125 Tolosae
450 1065 539 1125 etiam
561 1066 690 1127 Nonium
717 1061 822 1146 ‘prout
842 1065 940 1144 potuit
961 1054 1157 1127 emendavit'.

76 1167 254 1245 subscriptio
278 1168 369 1229 Persii
392 1168 423 1228 in
446 1168 563 1230 duobus
585 1169 738 1232 codicibus
765 1169 881 1249 depicta
910 1169 1018 1247 legitur
1040 1168 1157 1229 blonte·

78 1269 238 1349 pessulano
258 1277 345 1347 atque
368 1269 515 1330 Romano.

161 1370 186 1431 Α
214 1370 492 1449 Montepessulanus
525 1371 555 1432 in
583 1371 791 1433 bibliothecam
826 1372 944 1434 scholae
978 1371 1108 1432 medicae
1141 1390 1158 1432 e

77 1472 262 1532 Bouheriana
284 1474 458 1546 translatus,
483 1492 607 1536 numero
631 1477 693 1538 212
716 1482 837 1536 notatus
859 1475 1018 1554 (cotolopoe
1037 1474 1157 1553 pindrol

76 1576 124 1637 des
138 1594 204 1635 mss.
219 1573 232 1634 l
248 1594 277 1653 p.
295 1576 368 1652 371)
392 1576 423 1636 in
439 1575 619 1638 membranis
641 1577 759 1637 sacculo
776 1577 890 1637 decimo
907 1577 1037 1656 scriptus
1052 1578 1157 1652 fertur,

77 1686 230 1738 correctus
252 1695 268 1737 a
290 1676 420 1738 secunda
443 1696 542 1749 manu,
565 1678 659 1749 cuius,
683 1679 802 1756 quando
826 1697 901 1758 opus
922 1679 986 1751 luit,
1013 1679 1159 1740 lectiones

77 1777 213 1839 adnotavi
236 1780 287 1857 (o).
332 1780 465 1840 continet
487 1780 634 1852 Nonium,
658 1780 808 1853 Persium,
833 1780 974 1841 Prisciani
997 1798 1099 1841 versus
1121 1781 1158 1840 de
1204 1824 1207 1831 -

77 1892 119 1942 est
139 1892 165 1942 et
186 1900 255 1942 non.
300 1882 520 1943 accuratissime
542 1880 579 1941 ab
596 1882 699 1942 Adollo
722 1882 871 1944 Michaelis
893 1901 972 1944 anno
992 1884 1071 1946 1857
1096 1883 1158 1942 col-

78 1983 168 2044 latum
196 1982 296 2045 habui.

162 2086 187 2147 B
209 2087 299 2147 codex
323 2086 354 2146 in
377 2085 522 2146 tabulario
545 2084 682 2148 basilicae
705 2086 861 2149 Vaticanae
884 2097 1034 2160 servatur,
1066 2086 1158 2146 inter-

77 2188 202 2248 cedente
225 2188 387 2249 Niebubrio
411 2189 441 2249 in
465 2206 551 2249 usum
570 2189 731 2250 Heinricbii
755 2192 824 2252 satis
847 2191 1003 2270 diligenter
1025 2189 1158 2259 collatus,

77 2290 162 2351 cuius
183 2290 282 2350 denuo
305 2290 484 2370 inspiciendi
507 2292 591 2370 copia
614 2311 712 2371 neque
735 2294 806 2353 mibi
822 2293 932 2353 Romae
953 2292 1081 2353 versanti
1105 2311 1157 2351 ne·

78 2411 136 2473 que
160 2393 321 2454 amicorum
344 2393 593 2472 discipulorumve
617 2395 667 2455 ulli
691 2396 823 2474 quamvis
839 2396 929 2457 multa
946 2393 1158 2475 temptantibus

76 2513 216 2573 umquam
240 2496 314 2556 lacta
338 2504 392 2557 est.

164 2597 319 2677 utriusque
342 2599 452 2660 codicis
476 2599 598 2673 librarii,
620 2618 697 2678 quos
720 2599 794 2660 nibil
816 2618 918 2660 eornm
942 2618 1016 2678 quae
1032 2598 1159 2677 scripse·

79 2708 151 2760 runt
173 2699 353 2762 intellexisse
376 2702 495 2774 credas,
526 2702 718 2763 ridiculorum
740 2704 879 2762 vitiorum
908 2702 1018 2780 largam
1041 2699 1158 2778 copiam

77 2812 138 2862 tam
161 2802 285 2862 fideliter
307 2804 586 2882 transscripserunt,
608 2812 643 2864 ut
665 2804 773 2882 ubique
797 2805 859 2863 lere
874 2819 1039 2893 consensus
1054 2819 1158 2861 eorum

79 2903 255 2964 indicandus
284 2913 361 2965 esset
390 2905 452 2980 (a),
488 2922 577 2982 quem
607 2905 648 2964 eis
683 2923 803 2983 quoque
833 2904 905 2964 locis
938 2902 1159 2964 subnotandum

79 3005 188 3084 putavi,
213 3004 321 3082 quibus
345 3005 415 3083 quid
438 3004 570 3064 radendo
592 3004 649 3063 iam
673 3005 801 3066 deletum
825 3005 894 3064 olim
917 3004 947 3063 in
971 3002 1159 3080 ascriptum

79 3107 210 3168 extiterit
232 3117 310 3168 certa
334 3108 506 3168 coniectura
528 3107 645 3184 assequi
668 3108 780 3168 liceret.
823 3106 991 3168 dissensum
1013 3105 1159 3176 adnotavi,

79 3208 261 3287 ubicumque
289 3209 413 3270 alicuius
433 3210 468 3269 ad
498 3207 631 3269 criticam
654 3209 842 3269 iactitandam
871 3226 942 3268 usus
964 3226 1028 3269 esse
1050 3218 1159 3288 posset.

81 3308 121 3369 ita
144 3311 251 3370 lactum
275 3318 320 3371 est
343 3319 375 3371 ut
398 3334 419 3372 o
441 3311 505 3371 eius
531 3310 656 3384 codicis,
686 3310 766 3371 unde
794 3310 934 3389 descripti
956 3319 1027 3370 sunt
1048 3309 1098 3370 ab
1118 3344 1159 3353 —

82 3430 151 3471 nam
174 3420 315 3473 neutrum
338 3431 373 3472 ex
396 3413 489 3472 altero
511 3411 692 3490 descriptum
718 3430 782 3473 esse
805 3412 969 3473 accuratius
991 3411 1161 3491 inspicienti

81 3512 195 3592 patebit
223 3548 264 3559 —
293 3514 363 3575 satis
392 3523 561 3575 accuratam
591 3514 749 3593 imaginem
781 3514 891 3575 reddat.
935 3514 1024 3575 buius
1050 3514 1161 3575 codicis

82 3624 127 3675 tot
148 3624 269 3694 tamque
292 3616 447 3695 pudendos
469 3632 587 3676 errores
603 3615 714 3677 Sabino
741 3616 888 3695 imputare
914 3616 1050 3695 iniquum
1074 3618 1160 3678 leret.

82 3713 192 3775 librum
210 3716 338 3794 aliquem
361 3717 512 3776 continuis
527 3714 633 3797 litteris
652 3735 713 3778 non
730 3716 770 3777 ita
786 3716 923 3778 distincte
938 3717 1056 3798 scriptis
1070 3718 1162 3779 inter·

82 3813 154 3874 dum
177 3816 264 3876 etiam
288 3817 421 3879 obscuris
444 3825 593 3878 exaratum
617 3819 687 3880 baec
710 3819 777 3879 vitia
806 3820 883 3898 apud
913 3819 1049 3882 indoctos
1072 3820 1161 3881 libra-

82 3916 146 3977 rios
166 3935 339 3995 procreasse
361 3919 446 3979 facile
476 3918 674 3998 intellegitur,
706 3922 756 4001 qui
787 3931 930 3999 quantum
959 3922 995 3984 ab
1026 3922 1161 4000 exemplo

82 4015 247 4077 Sabiniano
269 4018 365 4094 distet,
388 4020 454 4098 quis
475 4017 596 4082 tandem
619 4019 774 4085 aestimati
850 4036 853 4041 ’
