2656 4440
537 202 723 257 PRAEFATIO
1135 200 1179 259 Vll

102 374 187 435 ducta
210 393 274 436 esse
296 384 431 456 apertum
454 376 501 437 sit.
551 376 581 437 id
610 377 689 456 quod
712 378 757 438 vel
786 377 855 440 inde
884 386 1017 455 constat,
1045 379 1125 458 quod
1148 380 1178 441 in

104 484 229 555 utroque
259 476 366 561 codice
392 478 471 539 nulla
507 479 617 540 scholia
655 487 754 540 extant
782 481 816 540 ad
846 480 897 567 Vll
931 482 1115 555 129-158,
1147 481 1179 543 13

104 580 252 640 3333331
280 582 440 660 archetypo
468 600 538 642 casu
567 581 666 661 aliquo
693 582 874 661 intercepta,
903 592 932 645 et
960 582 987 644 ll
1015 585 1056 648 99
1086 583 1180 645 adno-

105 688 194 742 tatum
218 692 263 744 est
284 683 446 745 subnotatio
468 682 555 745 buius
576 696 653 746 retro
675 689 782 765 3331313
804 697 843 746 331
865 686 918 747 ubi
934 685 1043 767 pulmo.
1066 685 1180 748 scilicet

104 783 235 845 scholion
266 785 302 846 de
327 785 449 846 *Othone
476 786 507 845 13
537 787 639 847 codice
662 786 845 864 Sangallensi
874 797 903 848 et
933 788 963 848 13
988 788 1015 848 P
1040 807 1101 849 non
1125 806 1180 849 suo

105 884 172 946 loco
194 888 322 965 positum
337 907 363 948 v.
380 890 431 962 90,
454 888 506 949 ubi
528 889 558 949 in
584 890 743 970 archetypo
766 890 942 952 invenerant
963 889 1086 964 librarii,
1110 899 1181 951 nota

105 987 137 1046 in
153 990 311 1070 archetypo
328 991 363 1051 ad
380 991 570 1052 indicandum
588 1010 719 1052 errorem
735 992 869 1071 apposita
885 991 921 1052 ab
945 1000 1074 1070 utroque
1089 991 1180 1052 libra-

105 1089 149 1150 rio
171 1101 283 1152 servata
305 1102 359 1154 est.
382 1094 563 1153 scholiorum
586 1094 692 1171 igitur,
716 1111 994 1172 quaeiquamquam
1015 1093 1115 1154 attrita
1137 1103 1181 1154 31-

107 1210 163 1270 333
186 1194 341 1273 depravata
365 1195 442 1255 haud
464 1213 558 1273 pauca
581 1197 764 1273 grammatici
787 1196 894 1256 eruditi
921 1195 1043 1274 vestigia
1064 1205 1184 1257 servant

104 1330 146 1340 -
169 1297 315 1374 originem
338 1315 443 1358 eorum
465 1298 535 1358 satis
558 1297 647 1358 certis
676 1298 859 1374 argumentis
888 1298 923 1358 ad
953 1297 1062 1359 3333311
1085 1298 1182 1376 quarti

28 1448 30 1452 ,
104 1399 195 1458 finem
217 1401 328 1459 referre
352 1400 420 1460 licet
436 1434 477 1444 —
494 1399 645 1478 aliquanto
668 1399 772 1460 melior
794 1399 931 1461 condicio
953 1409 1011 1475 est,
1034 1400 1060 1462 si
1082 1401 1184 1461 critica

105 1499 233 1561 subsidia
256 1510 387 1580 spectes,
417 1520 504 1580 quam
535 1503 628 1581 ipsius
657 1510 771 1581 poetae.
815 1512 972 1583 postquam
1003 1521 1037 1564 ea
1065 1522 1102 1564 ex
1128 1521 1182 1565 suo

105 1601 207 1663 codice
236 1604 341 1665 Petrus
369 1604 509 1665 Pithoeus
530 1623 556 1665 a.
583 1606 679 1676 1585,
706 1606 798 1664 Andr.
822 1605 898 1666 Guil.
923 1605 1078 1667 Cramerus
1099 1605 1183 1666 adhi-

105 1704 166 1764 bito
182 1705 284 1766 codice
300 1706 484 1786 Sangallensi
498 1727 524 1768 3.
544 1709 624 1772 1823
640 1707 739 1779 edidit,
755 1707 881 1786 plurima
897 1708 1064 1768 felicissime
1080 1726 1182 1768 emen-

105 1807 181 1867 davit
199 1807 274 1868 Lud.
291 1808 466 1888 Schopenus
487 1810 518 1870 in
542 1810 673 1871 editione
689 1809 903 1870 Heinrichiana
922 1809 959 1870 ab
974 1810 1040 1888 ipso
1055 1829 1081 1873 3.
1101 1811 1184 1874 1839

105 1918 213 1983 curata,
237 1912 365 1990 denique
387 1914 553 1975 accuratius
574 1932 697 1974 excusso
721 1912 823 1974 codice
846 1912 1008 1973 Pithoeano
1032 1922 1061 1973 et
1083 1914 1183 1974 denuo

105 2014 241 2074 consulto
264 2016 433 2095 apographo
457 2016 641 2096 sangallensi
664 2017 728 2095 ipse
750 2035 776 2076 3.
802 2016 882 2080 1851
908 2015 945 2076 113
969 2015 1121 2087 recensui,
1151 2024 1185 2076 ut

107 2134 139 2175 33
162 2135 238 2195 3333
259 2117 339 2178 Valla
363 2118 480 2179 tradidit
502 2137 518 2178 3
541 2119 648 2180 ceteris
670 2135 869 2198 segregarem.

189 2219 225 2279 ab
255 2238 289 2279 33
320 2220 465 2281 luvenalis
494 2222 685 2292 recensione,
715 2222 800 2282 33133
827 2219 963 2299 locuples
992 2220 1075 2280 testis
1103 2219 1184 2280 solus

105 2321 191 2382 hodie
207 2321 390 2402 Psuperest,
407 2325 437 2384 in
452 2324 636 2403 gravioribus
652 2323 871 2402 levioribusque
886 2340 941 2402 per
952 2340 1056 2382 omnes
1071 2330 1186 2382 saturas

106 2423 248 2484 diversam
279 2425 420 2486 exhibent
448 2425 565 2487 codices
593 2445 648 2504 por
676 2426 817 2504 plurimas
847 2422 1041 2484 bibliothecas
1069 2422 1186 2502 ingenti

107 2542 231 2584 numero
255 2525 388 2604 dispersi,
412 2536 555 2604 quantum
573 2526 690 2604 quidem
711 2534 837 2596 constat,
860 2525 952 2586 ceteri
975 2542 1090 2583 omnes.
1129 2523 1186 2584 nisi

107 2626 187 2702 quod
216 2626 246 2689 ih
276 2627 464 2705 quibusdam,
501 2628 579 2688 iuter
608 2646 683 2705 quos
711 2626 860 2687 referendi
890 2625 1072 2686 Parisienses
1102 2626 1186 2689 7900

11 2719 15 2728 ⁸
107 2745 182 2788 saec.
207 2727 255 2799 lX,
279 2729 360 2792 8071
384 2727 510 2798 333311,
534 2727 693 2788 Vaticanus
709 2727 833 2787 Vrbinas
849 2727 921 2799 661,
945 2724 1186 2787 Vindobonensis

109 2833 165 2892 111
192 2848 267 2890 saec.
284 2829 318 2900 X,
342 2830 462 2909 vestigia
483 2830 576 2909 magis
599 2829 732 2890 minusve
748 2828 914 2907 frequentia
930 2827 1040 2889 codicis
1062 2827 1186 2889 31133133

106 2932 269 2993 Pithoeano
293 2932 395 2994 similis
417 2932 453 2992 ad
469 2932 683 2994 emendandam
699 2932 874 3010 scripturam
891 2929 1012 2991 adhibiti
1028 2941 1184 3010 apparent.

105 3052 206 3094 verum
235 3035 306 3096 haec
335 3034 484 3114 exempla,
514 3034 596 3095 nullo
619 3034 707 3094 modo
736 3033 899 3106 mirabilia,
927 3049 993 3092 rara
1022 3041 1094 3093 sunt
1115 3051 1186 3111 prae

107 3155 210 3197 eorum
225 3137 359 3198 codicum
376 3137 574 3211 multitudine,
598 3136 649 3215 331
667 3137 787 3197 alteram
803 3133 963 3196 verborum
979 3134 1185 3196 recensionem

107 3239 247 3300 intactam
275 3250 440 3301 servarunt.
491 3241 570 3301 iuter
600 3259 675 3319 3333
703 3239 761 3300 duo
792 3238 909 3299 codices
939 3235 1186 3296 bibliothecarum

15 3337 18 3343 ’
107 3342 251 3402 Mediceae
274 3344 337 3420 (34,
361 3340 739 3421 4313333133333133),
762 3351 887 3420 uterque
910 3338 1020 3401 saeculi
1042 3337 1091 3410 Xl,
1115 3337 1186 3398 sub-

109 3445 290 3505 notationem
314 3446 389 3505 alter
410 3446 440 3505 in
464 3446 523 3506 fine
546 3446 678 3524 quintae,
701 3455 799 3506 sextae
822 3452 939 3504 saturae
955 3441 1029 3501 alter
1045 3438 1189 3500 exhibent

191 3545 259 3626 Legi
274 3566 322 3625 epo
336 3546 440 3607 Niceuo
454 3545 560 3608 Romae
571 3548 650 3627 opud
660 3545 795 3608 Servium
808 3549 980 3624 magistrum
992 3551 1018 3602 et
1029 3543 1185 3604 emendavi.

111 3650 188 3725 quod
212 3649 237 3710 si
260 3650 295 3708 de
319 3647 513 3709 celeberrimo
536 3649 738 3728 grammatico,
762 3647 881 3725 Vergilii
903 3646 1068 3722 interprete
1085 3643 1186 3705 Servio

109 3751 238 3828 cogitare
260 3751 336 3825 licet,
360 3753 464 3830 quinto
487 3752 605 3813 saeculo
628 3751 700 3812 haec
720 3758 825 3829 poetae
841 3746 976 3809 recensio
993 3747 1187 3808 adscribenda

108 3863 162 3924 est,
186 3862 265 3914 certe
286 3855 479 3933 grammatici,
503 3854 553 3932 331
569 3853 715 3914 luvenalis
729 3853 802 3913 locis
825 3870 880 3930 pro
903 3849 1073 3909 testimonio
1096 3858 1187 3910 utun·

108 3966 171 4030 tur,
201 3955 375 4036 plerumque
406 3959 483 4018 hanc
506 3958 565 4018 sive
588 3955 764 4017 Nicaeanam
788 3955 848 4015 sive
871 3952 1059 4026 Seruianam,
1090 3970 1188 4030 neque
