2656 4440
554 274 738 328 PRAEFATIO
1131 272 1186 327 11111

192 449 339 511 luvenalis
362 448 595 529 antiquissimam
618 448 825 511 recensionem
849 466 927 509 unus
948 456 1042 508 totam
1064 465 1187 527 reprae-

108 562 204 614 sentat
233 552 265 624 P,
301 560 416 632 partem
445 553 509 613 eius
541 551 631 613 etiam
665 551 791 632 paginae
824 550 948 611 Aroriae
983 550 1121 612 inventae
1149 550 1186 611 ah

109 654 243 715 lohanne
258 654 367 715 Wirzio
383 663 596 732 enarrataeque
612 653 642 714 in
660 653 769 714 llerme
783 651 833 713 xv
849 670 879 731 p.
895 655 958 717 437
973 671 1013 713 ss.
1028 670 1187 731 quaecum

109 759 226 837 prosint
255 758 289 817 ad
318 757 477 836 legendum
506 764 536 817 01
564 757 772 818 excutiendum
804 754 837 827 P,
865 755 987 834 propria
1016 755 1084 816 dote
1108 755 1188 816 nulla

110 860 366 935 commendantur,
396 871 426 922 et
447 859 622 940 florilegium
652 859 844 940 Sangallense
878 859 988 920 editum
1018 857 1188 919 081101010-

110 964 204 1042 phoro
227 964 379 1043 Stephano
401 963 432 1024 in
455 981 558 1025 museo
581 963 716 1023 rhenano
739 961 789 1023 XL
812 980 842 1041 p.
858 964 920 1027 263
937 979 976 1023 ss.
998 978 1188 1039 0101100110-

110 1064 284 1126 morabilem
306 1066 397 1126 unius
424 1083 526 1125 versus
557 1063 634 1141 (Vlll
660 1065 731 1138 148)
763 1064 999 1124 emendationem
1030 1062 1128 1123 ascivi.
1172 1080 1189 1122 e

110 1167 307 1229 deterioribus
327 1167 411 1228 libris
427 1165 687 1226 vindobonensem
705 1168 766 1228 107
789 1165 872 1244 (phil.
891 1166 963 1238 128)
985 1163 1094 1226 saeculi
1117 1165 1190 1224 noni

110 1270 156 1330 101
172 1270 277 1330 decimi
290 1268 508 1330 accuratissima
521 1268 670 1328 conlatum
686 1267 774 1329 habui
790 1266 826 1327 ab
839 1266 959 1327 alfredo
975 1266 1104 1327 lloldero
1117 1266 1189 1326 ami·

112 1391 158 1432 oo.
203 1370 359 1431 Bobiensis
374 1369 555 1450 palimpsesti
577 1369 716 1449 reliquias
731 1369 885 1431 Vaticanas
906 1370 1005 1430 denuo
1029 1367 1191 1430 aGustaro

113 1473 233 1532 Loewio
251 1472 412 1552 exscriptas
428 1471 585 1551 proposuit
600 1471 740 1532 Goetaius
761 1470 918 1551 (luvenalis
932 1480 963 1532 et
977 1470 1070 1532 Persii
1087 1471 1191 1550 fragm.

113 1575 407 1652 11011100001884).
440 1583 559 1654 praeter
573 1575 750 1636 Nicaeanam
766 1575 973 1636 recensionem
988 1574 1042 1635 alia
1059 1584 1089 1635 01
1105 1573 1191 1651 igno-

112 1677 171 1737 tior
193 1678 337 1757 patefacta
359 1689 404 1738 est
432 1676 543 1738 indicio
565 1677 675 1739 codicis
697 1677 870 1738 Parisiensis
892 1678 976 1740 9345
1000 1694 1076 1737 saec.
1098 1675 1138 1735 Xl
1160 1676 1190 1735 in

113 1781 173 1840 1100
195 1788 293 1841 sextae
315 1789 430 1840 saturae
452 1779 526 1840 10000
549 1778 715 1840 exhibentis
738 1779 830 1841 decem
845 1778 988 1840 iuuaaola's
1002 1778 1120 1859 suplicia
1141 1777 1191 1839 lid.

113 1883 253 1943 seeuadus
268 1885 370 1962 incipit
392 1881 441 1942 lid.
454 1879 501 1943 lll
515 1881 620 1961 legente
637 1881 805 1962 depicarpr‘o
825 1881 995 1942 assisiensis
1020 1880 1193 1961 8001000001-

113 1988 153 2045 tic
176 2003 257 2045 00000
280 1983 392 2061 (llellor
413 1984 444 2045 in
468 1983 652 2046 Fleckeiseni
675 1985 773 2046 annali
799 1986 881 2048 1885
897 2003 926 2063 p.
943 1986 1027 2060 576).
1064 1984 1193 2045 deterio-

113 2104 179 2146 rum
202 2087 231 2145 in
257 2104 385 2146 numero
407 2086 466 2146 hoe
487 2087 637 2167 exemplar
659 2087 825 2166 reponitur,
851 2096 950 2147 tamen
975 2104 1073 2165 neque
1095 2086 1193 2166 ipsum

114 2188 200 2265 quale
223 2190 373 2267 sitneque
389 2189 511 2249 omnino
529 2189 686 2250 Seruianae
701 2189 886 2251 recensionis
902 2190 996 2249 forma
1012 2189 1107 2250 adhuc
1123 2189 1193 2250 satis

114 2292 262 2370 explorata
285 2300 336 2351 aut
357 2291 504 2371 descripta
527 2302 580 2354 est.

201 2394 433 2454 instrumentum
449 2395 649 2456 necessarium
665 2414 704 2455 ne
719 2395 843 2468 deesset,
859 2394 970 2455 scholia
987 2393 1106 2471 antiqua
1122 2393 1192 2453 Per·

117 2493 153 2552 sii
176 2503 205 2552 01
221 2493 368 2554 luvenalis
390 2495 523 2556 versibus
545 2497 674 2556 adiunxi.
719 2514 822 2556 eorum
845 2513 939 2573 pauca
962 2495 1078 2573 origine
1100 2513 1194 2573 paene

118 2596 250 2672 aequalia
273 2606 344 2656 sunt
366 2597 437 2675 ipsis
459 2598 564 2675 poetis,
588 2597 713 2675 plurima
736 2607 803 2675 post
828 2597 1056 2658 Constantinum
1085 2597 1194 2676 scripta

120 2706 150 2757 et
171 2696 314 2775 rescripta
337 2706 366 2757 et
381 2716 524 2760 conversa
546 2708 576 2759 et
590 2698 773 2759 accumulata
788 2716 883 2778 usque
898 2699 934 2759 ad
956 2698 1128 2777 carolingos
1143 2699 1195 2760 de·

116 2798 275 2859 scendunt.
306 2800 514 2861 recensionem
530 2800 710 2863 scholiorum
724 2801 767 2862 sic
779 2801 886 2862 0111001
901 2801 1061 2881 aliquando
1077 2810 1197 2883 oportet

116 2907 248 2958 exactam
263 2897 299 2958 ad
317 2898 465 2960 variorum
480 2908 636 2961 auctorum
652 2899 849 2980 codicumque
864 2900 994 2962 indolem
1010 2919 1044 2962 ae
1059 2902 1196 2962 fortunas

117 3000 239 3061 minime
261 3000 404 3063 adfectari
419 3021 519 3082 neque
541 3003 632 3065 olfleii
647 3004 705 3065 mei
728 3023 792 3065 esse
815 3002 895 3064 duxi.
932 3005 1023 3065 immo
1041 3023 1110 3065 vero
1127 3006 1194 3084 quia

118 3102 283 3163 carminum
307 3104 399 3182 gratia
423 3105 533 3166 scholia
549 3105 683 3177 edebam,
705 3105 878 3167 scholiastes
892 3115 991 3167 autem
1008 3108 1089 3186 parvi
1105 3109 1194 3167 lacie-

118 3203 197 3274 ham‚
220 3203 419 3284 cavebamque
443 3225 480 3266 ne
502 3206 646 3268 confertis
669 3207 756 3285 nugis
785 3215 836 3267 0111
857 3208 1058 3269 deliramentis
1087 3208 1195 3268 malum

117 3323 259 3384 magnum
289 3308 376 3368 etiam
406 3308 500 3369 maius
528 3308 693 3383 redderem,
722 3309 757 3370 ad
787 3310 900 3370 Pithoei
929 3310 1095 3387 exemplum
1119 3310 1196 3369 hane

117 3407 285 3469 libertatem
308 3411 448 3489 usurpavi
470 3420 503 3471 ut
525 3410 673 3472 abicerem
696 3430 771 3491 quae
800 3412 923 3473 molesta
952 3411 1063 3472 insulsa
1086 3411 1196 3472 nulhus

118 3527 191 3570 usus
202 3509 374 3571 viderentur
386 3531 459 3584 esse,
483 3513 634 3591 integrum
654 3512 855 3591 relinquerem
876 3512 1019 3591 quidquid
1038 3513 1196 3574 100010011-

117 3610 240 3672 ditionis
255 3613 404 3691 autiquae,
421 3613 550 3692 denique
564 3613 660 3674 media
675 3614 725 3675 illa
740 3633 815 3693 quae
831 3616 866 3674 ad
889 3614 944 3674 hos
960 3614 1077 3692 quidem
1094 3625 1196 3693 poetas

122 3715 197 3774 nihil
211 3715 262 3776 sed
278 3716 312 3776 ad
330 3715 478 3777 sermonis
493 3734 654 3794 rerumque
676 3716 876 3794 posteriorum
893 3726 922 3776 01
936 3717 1195 3794 grammaticorum

122 3815 352 3895 Byzantinorum
369 3817 414 3878 vel
428 3816 623 3879 harbarorum
638 3817 865 3897 intelligentiam
883 3818 1067 3897 aliquantum
1082 3819 1196 3879 condu-

121 3928 205 3991 cunt,
228 3919 393 3980 omitterem
416 3929 467 3981 aut
488 3919 674 3982 adsumerem
698 3939 734 3980 011
757 3921 921 3981 commodo.
971 3921 1064 3982 Persii
1086 3920 1196 3982 scholia

122 4021 281 4081 emendare
293 4023 461 4101 complures
473 4041 571 4102 nuper
581 4022 712 4104 aggressi
723 4032 795 4084 sunt
809 4039 885 4101 quos
895 4031 1051 4084 memoras
1059 4022 1222 4079 annonam.
