2656 4440
569 247 702 301 SATVRA
718 248 749 301 llI

123 425 197 484 haut
219 422 273 484 tibi
294 425 483 501 inexpertum
505 439 611 483 curvos
633 423 818 501 deprendere
840 440 947 496 mores,

124 527 261 588 quaeque
284 509 371 570 docet
392 509 510 587 sapiens
532 506 659 570 bracatis
682 509 766 569 inlita
787 507 880 569 Medis

123 595 269 673 porticus,
291 592 436 654 insomnis
459 592 568 672 quibus
590 603 620 654 et
641 594 763 655 detonsa
786 593 924 655 iuventus

122 680 258 758 invigilat
279 679 391 758 siliquis
414 686 443 738 et
464 678 569 758 grandi
591 688 674 758 pasta
694 679 824 758 polenta.

123 774 154 826 et
175 765 238 839 tibi,
262 781 337 843 quae
360 763 474 825 Samios
497 763 609 825 diduxit
631 765 729 825 littera
749 782 858 837 ramos,

122 859 297 928 surgentem
319 850 421 909 dextro
444 849 619 910 monstravit
639 849 731 910 bmite
754 849 869 910 collem.

122 935 224 997 stertis
246 935 342 995 adhuc
363 934 521 1012 laxumque
544 943 634 1014 caput
655 952 789 1014 conpage
811 935 906 996 soluta

124 1021 230 1082 oscitat
252 1021 425 1081 hesternum
448 1019 566 1081 dissutis
587 1019 719 1099 undique
742 1017 846 1081 malis‘l
1269 1081 1271 1085 ,

122 1115 170 1166 est
191 1105 299 1184 aliquid
323 1123 382 1183 quo
405 1104 502 1165 tendis
525 1104 606 1166 etin
630 1105 710 1184 quod
731 1105 840 1184 derigis
862 1123 973 1179 arcum,
1175 1114 1205 1165 60

214 1277 253 1335 52
277 1286 324 1333 aut
344 1276 536 1350 interrogative
557 1287 603 1334 aut
624 1279 825 1350 pronuntiative
847 1279 997 1352 legendum.
1020 1293 1075 1333 non
1091 1276 1128 1333 illi
1146 1293 1205 1334 esse

123 1362 292 1435 incognitum
319 1379 417 1436 pravos
448 1371 475 1419 et
505 1370 598 1436 turpes
631 1370 658 1418 et
689 1373 832 1436 peccantes
864 1380 971 1428 mores,
1005 1379 1074 1437 quos
1107 1379 1205 1419 curvos

124 1446 303 1522 appellavita
333 1463 448 1521 corpore
477 1463 576 1513 curvo,
605 1447 750 1520 corripere.
779 1465 881 1522 ergone
903 1448 992 1504 vidisti
1013 1448 1137 1504 dextrum
1157 1447 1205 1504 lit-

125 1541 200 1589 terae
219 1529 434 1606 Pythagoricae?
527 1542 574 1590 aut
601 1532 685 1606 magis
713 1534 926 1607 pronuntiative:
958 1542 1030 1590 certe
1057 1532 1205 1606 degustasti

124 1617 330 1692 philosophiam.
420 1620 457 1676 53
482 1634 604 1693 quaeque
626 1618 706 1674 docet
731 1618 846 1693 sapiens.
891 1618 1094 1676 Atheniensium
1114 1617 1206 1693 porti-

124 1720 187 1760 cum
209 1702 286 1767 dicit,
315 1703 343 1758 in
372 1720 425 1776 qua
455 1702 527 1776 picta
549 1711 607 1760 erat
628 1694 719 1777 pugna
741 1704 945 1760 Atheniensium
968 1712 996 1761 et
1018 1720 1126 1768 eorum,
1159 1703 1206 1778 qui

125 1805 187 1844 cum
211 1788 290 1844 Persa
312 1789 345 1844 ad
367 1788 578 1862 oppugnandam
600 1788 735 1845 Graeciam
757 1799 902 1855 venerant,
927 1798 1003 1862 gesta
1024 1790 1095 1863 apud
1117 1788 1205 1845 blara-

124 1873 235 1930 tbonios
257 1890 376 1948 campos.
422 1890 501 1948 quam
517 1875 652 1948 porticum
667 1874 814 1948 sapientem
831 1874 904 1938 dixit,
928 1875 1056 1949 qnoniam
1070 1873 1204 1948 sapientes

122 1958 151 2013 in
174 1975 203 2014 ea
225 1957 494 2032 philosophabantur.
540 1976 572 2015 ex
594 1975 647 2033 qua
662 1959 741 2016 etiam
756 1960 834 2017 stoici
849 1959 913 2016 dicti
927 1968 1001 2024 sunt,
1024 1975 1120 2033 graece
1135 1959 1206 2015 enim

123 2044 247 2118 porticus
270 2038 350 2105 croci
373 2045 479 2102 dicitur.
524 2061 604 2118 quam
627 2045 705 2101 etiam
726 2038 990 2107 Πεισιανάκτειον
1012 2052 1119 2102 vocant·

212 2132 251 2187 55
275 2130 442 2187 naturalibus
471 2129 537 2186 cibis
564 2131 653 2186 vivere
681 2139 823 2196 contenta,
855 2131 881 2187 id
911 2139 952 2188 est
978 2128 1156 2202 leguminibus
1179 2139 1207 2187 et

122 2213 204 2272 lacre.
249 2215 290 2270 vel
311 2216 383 2272 victu
404 2215 475 2271 facili
498 2215 614 2271 esuriem
636 2231 711 2272 suam
734 2216 857 2290 implens.
901 2225 948 2273 eut
968 2215 1031 2290 quia
1051 2214 1207 2289 philosophi

123 2316 180 2356 non
209 2308 322 2357 utantur
351 2318 446 2365 carne,
484 2301 602 2356 dicentes
631 2300 731 2357 animas
758 2300 896 2357 animabus
923 2317 980 2358 non
1008 2300 1106 2357 debere
1140 2300 1206 2356 dari.

124 2385 198 2441 unde
227 2386 335 2442 Ovidius
365 2385 437 2460 [met.
458 2388 506 2449 15,
524 2384 575 2458 88]
604 2379 673 2441 ‘heu
703 2394 833 2459 quantum
863 2385 951 2442 scelus
981 2393 1023 2442 est
1050 2386 1077 2440 in
1104 2385 1207 2442 viscere

122 2470 223 2526 viscera
246 2470 334 2540 condi,
358 2479 544 2543 congestoque
566 2469 671 2525 avidum
692 2471 871 2544 pinguescere
891 2486 1007 2544 corpore
1021 2486 1122 2543 corpus
1136 2469 1206 2525 alte-

123 2554 236 2628 riusque
263 2555 377 2610 animam
407 2554 547 2609 animantis
576 2554 664 2610 vivere
694 2541 778 2610 leto’.
879 2557 918 2612 56
949 2571 1018 2628 quae
1040 2554 1206 2628 Pythagoras

124 2639 206 2695 Samo
235 2638 321 2695 insula
348 2647 424 2695 ortus
446 2638 596 2713 praecepit,
628 2639 675 2712 qui
696 2639 719 2694 Y
742 2638 856 2694 litteram
886 2640 919 2695 ad
941 2639 1052 2695 modum
1073 2639 1206 2696 humanae

123 2725 192 2780 vitae
214 2723 347 2796 figuravit.
391 2740 459 2797 quae
481 2724 509 2778 in
530 2721 641 2780 infantia
662 2723 703 2779 vel
730 2723 806 2780 initio
829 2723 979 2780 monitione
1006 2724 1157 2798 paedagogi
1180 2733 1207 2781 et

123 2818 237 2883 paterno
261 2819 334 2866 metu
357 2810 457 2866 insecta
479 2816 530 2865 est.
573 2817 600 2864 at
621 2817 765 2883 postquam
792 2808 819 2864 in
845 2808 1051 2866 adulescentiam
1075 2809 1134 2884 quis
1157 2827 1207 2866 ve-

126 2895 205 2959 nerit,
230 2894 364 2950 dividitur.
410 2902 437 2951 et
458 2895 485 2950 in
507 2893 614 2950 sinistra
639 2904 715 2969 parte
745 2894 810 2951 rami
832 2894 907 2951 velut
935 2894 998 2951 vitia
1025 2903 1104 2960 sunt,
1137 2912 1207 2970 quae

126 2980 250 3036 devexior
272 2979 373 3036 laeilem
396 2981 430 3036 ad
452 2997 481 3037 se
503 2988 621 3053 praestat
646 2996 794 3036 ascensum.
863 2989 904 3038 est
930 2981 1011 3037 altera
1041 2981 1149 3038 dextera
1178 2982 1206 3037 in

126 3082 177 3138 qua
200 3065 304 3121 virtutis
327 3082 409 3139 opera
431 3064 618 3130 celebrantur,
648 3066 762 3122 arduum
790 3082 821 3122 ac
847 3064 982 3123 difficilem
1004 3066 1115 3122 limitem
1136 3083 1207 3140 pan-

126 3149 201 3206 dens.
246 3167 326 3224 quem
348 3151 394 3224 qni
417 3151 563 3214 evaserint,
594 3151 683 3224 quieta
712 3151 774 3207 sede
802 3151 983 3225 excipiuntur.
1027 3168 1092 3225 quas
1114 3161 1205 3225 partes

126 3235 239 3309 quisque
266 3234 299 3290 ab
327 3252 399 3292 anno
425 3244 501 3292 sexto
531 3234 634 3292 decimo
665 3234 816 3301 obtinebat,
846 3237 874 3292 in
904 3235 935 3291 iis
963 3235 1052 3292 fuerat
1074 3243 1205 3291 staturus.

211 3322 250 3378 58
274 3321 383 3394 crapula
405 3321 547 3382 marcidus,
573 3320 614 3375 vix
636 3328 718 3394 caput
738 3320 875 3378 sustinens
890 3320 1023 3377 iuncturis
1037 3319 1206 3376 maxillarum

126 3407 241 3462 extensis
263 3405 291 3461 in
312 3407 411 3462 rictum
432 3415 459 3464 et
480 3406 651 3461 vehementer
673 3405 822 3479 patefactis.
901 3408 939 3464 59
963 3405 1099 3479 crapulam
1121 3405 1206 3479 signi-

126 3488 198 3546 ficat.
241 3499 273 3547 ut
293 3500 335 3548 est
357 3491 421 3548 illud
443 3490 541 3564 Vergili
565 3479 898 3564 [ecl.6,15]‘inllatum
921 3491 1049 3547 hesterno
1072 3506 1153 3546 venas
1176 3498 1207 3547 ut

125 3590 233 3649 semper
243 3563 363 3632 laccho³.
431 3579 469 3635 60
486 3575 688 3649 proposuistine
704 3574 750 3632 tibi
766 3575 874 3649 aliquod
889 3593 975 3650 genus
989 3575 1058 3632 vitae
1073 3577 1146 3650 quod
1163 3593 1207 3632 se·

125 3661 172 3734 qui
187 3661 283 3717 debeas
300 3663 367 3718 etin
383 3678 437 3736 quo
454 3678 553 3717 nervos
572 3660 650 3716 animi
667 3658 816 3717 extendas‘l
838 3678 871 3717 an
893 3656 975 3736 vagud
991 3661 1049 3718 sine
1062 3660 1205 3736 proposito

212 3809 245 3860 52
269 3809 332 3860 hinc
355 3825 427 3860 nouo
449 3813 545 3860 satura
569 3809 669 3874 incipit
690 3810 720 3858 in
738 3809 772 3870 P,
795 3809 840 3858 cui
867 3808 962 3858 titulare
983 3812 1023 3858 ert
1048 3807 1080 3859 ad
1099 3807 1204 3860 eosdem

125 3919 129 3927 .
212 3879 245 3928 54
264 3877 369 3927 insomis
387 3878 411 3927 P
426 3893 531 3942 occup
604 3880 635 3929 55
655 3875 751 3941 grande
769 3878 792 3926 Ρ
808 3890 911 3941 comp
982 3879 1014 3929 56
1033 3875 1139 3928 deduxit
1159 3879 1208 3927 αΡ

211 3943 288 3995 litora
306 3945 330 3993 P
396 3948 427 3997 57
446 3945 540 3997 collem
559 3946 623 3996 aP:
645 3945 737 3996 callem
753 3947 796 4009 ρς
866 3941 1063 3997 uefloscitatoc
1133 3946 1166 3997 60
1179 3946 1205 3996 in
1271 3963 1274 3968 ¹

127 4027 178 4077 quo
198 4018 222 4061 α
292 4010 380 4077 dirigis
399 4020 445 4080 ap
465 4012 560 4079 dirigas
578 4015 602 4064 P
