2656 4440
493 789 724 863 lVVENALlS

319 1008 346 1100 S
377 1009 412 1099 A
443 1009 476 1096 T
507 1007 545 1096 V
575 1008 612 1097 R
642 1007 677 1097 A
708 1008 745 1097 R
776 1006 814 1095 V
844 1007 886 1095 lu

467 1213 744 1278 urusaruruvs

526 1415 660 1468 SATVBA
677 1415 687 1467 l

66 1519 192 1600 Semper
215 1538 270 1598 ego
293 1520 409 1582 auditor
431 1519 569 1582 tantum?
592 1539 796 1598 numquamne
819 1539 962 1600 reponam

65 1614 186 1666 vexatus
209 1606 320 1667 totiens
342 1606 424 1666 rauci
447 1606 591 1667 Theseide
614 1603 724 1667 Cordi?

65 1690 180 1771 inpune
204 1709 276 1769 ergo
300 1691 370 1751 mihi
393 1691 560 1752 recitaverit
582 1691 631 1751 ille
653 1701 775 1768 togatas,

66 1776 113 1837 hic
136 1774 258 1855 elegos?
281 1776 395 1855 inpune
418 1776 495 1837 diem
518 1777 736 1854 consumpserit
758 1777 866 1854 ingens

66 1860 217 1940 Telephus
240 1870 291 1923 aut
312 1861 420 1923 summi
444 1862 531 1941 plena
555 1861 612 1921 iam
635 1862 768 1940 margine
791 1861 858 1921 libri
1126 1871 1141 1918 5

65 1947 195 2025 scriptus
218 1954 248 2008 et
270 1948 300 2007 in
324 1956 408 2026 tergo
432 1947 560 2007 necdum
583 1947 685 2007 finitus
710 1944 851 2008 Orestes?

151 2121 162 2176 l
185 2136 234 2177 cur
256 2127 361 2177 saturas
383 2119 490 2177 scribet.
621 2120 772 2177 Iuvenalem
801 2119 881 2193 aliqui
904 2117 1006 2174 Gallum
1028 2127 1142 2191 propter

68 2205 189 2279 corporis
211 2205 432 2280 magnitudinem,
456 2205 538 2280 aliqui
553 2206 712 2279 Aquinatem
736 2204 837 2261 dicunt.
860 2220 890 2260 ea
913 2213 1034 2277 tempora
1049 2203 1141 2258 llomi-

68 2290 130 2347 tiani
153 2292 269 2364 tyranni,
293 2290 393 2366 quihus
415 2290 492 2346 etiam
515 2292 573 2365 ipse
594 2291 665 2357 vixit,
691 2307 723 2347 eo
747 2290 822 2364 quod
845 2289 871 2344 in
894 2288 954 2344 aula
975 2288 1058 2362 ipsius
1080 2286 1141 2360 plus

64 2375 209 2433 histriones
232 2392 312 2451 quam
333 2374 421 2432 honae
443 2377 512 2434 vitae
534 2375 655 2433 homines
677 2383 797 2450 possent,
821 2374 938 2448 graviter
960 2371 1068 2446 carpsit.
1090 2373 1141 2428 hos

65 2471 154 2520 autem
176 2459 260 2517 libros
282 2461 310 2517 in
332 2461 438 2518 exilium
458 2461 556 2518 missus
571 2461 604 2518 ad
620 2461 752 2518 civitatem
768 2459 888 2516 ultimam
904 2458 1019 2532 Aegypti
1034 2457 1142 2513 Hoasim

64 2547 178 2622 abipso
201 2546 348 2603 Domitiano
370 2546 486 2621 scripsit.
511 2547 576 2604 -ideo
599 2556 688 2603 autem
710 2545 737 2600 in
761 2544 865 2601 exilium
888 2543 984 2598 missus
1007 2552 1056 2605 est,
1080 2542 1140 2614 quia

64 2633 128 2690 dixit
149 2648 256 2689 versum
278 2631 318 2707 [7,
336 2629 388 2706 90]
408 2621 497 2705 ‘quod
518 2649 574 2687 non
598 2632 660 2688 dant
683 2647 818 2705 proceres,
843 2627 915 2685 dabit
928 2614 1044 2683 histrio'.
1068 2643 1141 2683 nunc

62 2727 152 2776 autem
181 2717 234 2773 hoc
261 2716 364 2773 inducit
392 2717 468 2790 quasi
490 2727 611 2791 carptum
633 2735 663 2774 se
684 2734 733 2791 per
753 2715 853 2789 figuras
875 2731 891 2770 a
912 2713 1015 2770 miseris
1043 2713 1139 2787 poetis,

63 2803 119 2878 iqui
141 2802 179 2858 nil
200 2818 300 2860 novum
321 2802 368 2859 sed
392 2801 516 2859 omnibus
538 2812 615 2859 notas
638 2801 740 2858 tabulas
762 2801 915 2858 recitarent.
939 2808 965 2855 et
980 2798 1043 2855 dicit
1058 2800 1141 2872 magis

64 2889 113 2946 deo
142 2899 261 2946 saturam
288 2906 317 2945 se
339 2887 472 2952 scrihere,
502 2899 533 2944 ut
559 2889 644 2962 possit
671 2905 761 2944 mores
783 2887 853 2942 illius
875 2885 1004 2960 temporis
1026 2885 1141 2940 demon-

63 2974 174 3031 strando
197 2982 302 3031 notare.
410 2975 427 3029 2
452 2973 556 3030 Gordus
579 2973 622 3039 hic
644 2981 723 3048 poeta
746 2971 796 3028 luit
819 2971 937 3037 vitiosus,
962 2972 1009 3044 qui
1032 2979 1141 3042 tragoe-

63 3060 141 3125 diam,
165 3058 282 3117 tabulam
298 3058 391 3116 Thesei
413 3059 529 3133 scripsit.
564 3060 596 3115 de
619 3075 673 3132 quo
691 3057 815 3130 Virgilius
837 3057 902 3114 diait
924 3053 1004 3129 [Aeo.
1021 3058 1049 3119 6,
1069 3054 1140 3127 617]

60 3134 150 3202 ‘sedet
171 3153 364 3220 aeternumque
392 3143 496 3201 sedebit
523 3143 615 3200 inlelir
637 3131 777 3199 Theseus'.
908 3142 925 3198 3
950 3149 1055 3212 togatae
1077 3147 1141 3195 sunt

63 3230 216 3289 comoediae
243 3230 350 3289 latinae.
389 3230 480 3304 quales
503 3230 629 3286 Afranius
658 3228 730 3285 lecit.
868 3229 885 3283 5
909 3224 1041 3300 Telephus
1070 3224 1140 3280 lilius

63 3315 180 3373 lleraclis
208 3325 236 3374 et
257 3319 347 3392 Auges
369 3333 383 3372 a
406 3333 484 3374 cerva
512 3316 630 3371 nutritus
658 3323 709 3370 est.
818 3310 966 3368 notandum
993 3311 1140 3382 marginem

62 3402 190 3459 feminino
212 3419 311 3477 genere
333 3402 394 3459 dici.
432 3401 539 3458 Ovidius
562 3398 634 3475 [met.
654 3403 680 3464 l,
700 3397 748 3472 13]
770 3396 928 3454 masculino.
1022 3397 1039 3453 6
1057 3395 1140 3467 Aegi-

61 3488 140 3545 stitus
162 3487 285 3565 Thyestis
306 3487 377 3544 filius
406 3487 470 3544 dum
493 3486 695 3560 Clytemestram
725 3501 836 3541 uxorem
859 3481 1067 3556 Agamemnonis
1089 3480 1139 3535 ad-

60 3573 199 3639 ulteraret,
222 3573 268 3630 ille
289 3572 386 3630 amoris
408 3573 477 3629 illius
501 3588 580 3628 causa
602 3569 797 3627 communicato
828 3585 890 3626 cum
911 3567 1005 3623 eodem
1028 3564 1138 3622 oonsilio

62 3659 213 3717 venientem
235 3675 251 3716 e
272 3659 387 3715 Troiano
410 3658 482 3715 hello
504 3658 630 3713 maritum
652 3656 795 3730 percussit.
819 3670 899 3728 quam
921 3662 1014 3727 postea
1031 3652 1139 3708 Orestes

61 3744 134 3802 filius
157 3745 255 3801 dicitur
277 3744 415 3801 occidisse.

130 3909 255 3961 ltitulus
271 3908 363 3959 nullus
380 3913 409 3959 in
426 3910 450 3958 P
518 3906 591 3959 luel
610 3905 750 3971 numquine
766 3921 784 3971 p
855 3901 960 3954 2codri
976 3918 993 3966 p
1064 3905 1138 3955 3ῑο-

62 3984 148 4045 galam
167 3983 342 4030 commentum
354 3977 456 4028 Donati
475 3974 607 4028 GLK.1V
619 3990 647 4039 p.
665 3973 717 4025 524
