<?xml version="1.0" encoding="UTF-8"?>
<!DOCTYPE html PUBLIC "-//W3C//DTD XHTML 1.0 Transitional//EN"
    "http://www.w3.org/TR/xhtml1/DTD/xhtml1-transitional.dtd">
<html xmlns="http://www.w3.org/1999/xhtml" xml:lang="en" lang="en">
 <head>
  <title>
</title>
<meta http-equiv="Content-Type" content="text/html;charset=utf-8" />
  <meta name='ocr-system' content='tesseract 3.04.00' />
  <meta name='ocr-capabilities' content='ocr_page ocr_carea ocr_par ocr_line ocrx_word'/>
</head>
<body>
  <div class='ocr_page' id='page_1' title='image "apersiiflaccidi02sulpgoog_0108.png"; bbox 0 0 2656 4440; ppageno 0'>
   <div class='ocr_carea' id='block_1_1' title="bbox 449 247 785 310">
    <p class='ocr_par' dir='ltr' id='par_1_1' title="bbox 449 247 785 310">
     <span class='ocr_line' id='line_1_1' title="bbox 449 247 785 310; baseline -0.006 -10"><span class='ocrx_word' id='word_1_1' title='bbox 449 247 543 300; x_wconf 78' lang='lat' dir='ltr'><strong>LIBER</strong></span> <span class='ocrx_word' id='word_1_2' title='bbox 561 247 570 298; x_wconf 96' lang='lat' dir='ltr'>l</span> <span class='ocrx_word' id='word_1_3' title='bbox 591 247 739 310; x_wconf 27' lang='lat' dir='ltr'>,serven</span> <span class='ocrx_word' id='word_1_4' title='bbox 755 247 785 298; x_wconf 96' lang='lat' dir='ltr'>lll</span> 
     </span>
    </p>
   </div>
   <div class='ocr_carea' id='block_1_2' title="bbox 81 418 950 669">
    <p class='ocr_par' dir='ltr' id='par_1_2' title="bbox 81 418 950 669">
     <span class='ocr_line' id='line_1_2' title="bbox 81 418 831 498; baseline -0.005 -15"><span class='ocrx_word' id='word_1_5' title='bbox 81 422 120 484; x_wconf 88' lang='lat' dir='ltr'>sie</span> <span class='ocrx_word' id='word_1_6' title='bbox 141 420 261 481; x_wconf 91' lang='lat' dir='ltr'>libitum</span> <span class='ocrx_word' id='word_1_7' title='bbox 283 438 370 492; x_wconf 89' lang='lat' dir='ltr'>vano,</span> <span class='ocrx_word' id='word_1_8' title='bbox 393 420 443 498; x_wconf 94' lang='lat' dir='ltr'>qui</span> <span class='ocrx_word' id='word_1_9' title='bbox 467 439 522 480; x_wconf 91' lang='lat' dir='ltr'>uos</span> <span class='ocrx_word' id='word_1_10' title='bbox 544 419 686 491; x_wconf 79' lang='lat' dir='ltr'>distinxit,</span> <span class='ocrx_word' id='word_1_11' title='bbox 710 418 831 479; x_wconf 83' lang='lat' dir='ltr'>Othoni.</span> 
     </span>
     <span class='ocr_line' id='line_1_3' title="bbox 83 503 950 585; baseline 0 -19"><span class='ocrx_word' id='word_1_12' title='bbox 83 507 144 585; x_wconf 91' lang='lat' dir='ltr'>quis</span> <span class='ocrx_word' id='word_1_13' title='bbox 166 524 261 583; x_wconf 91' lang='lat' dir='ltr'>gener</span> <span class='ocrx_word' id='word_1_14' title='bbox 283 505 332 565; x_wconf 87' lang='lat' dir='ltr'>bic</span> <span class='ocrx_word' id='word_1_15' title='bbox 354 505 465 584; x_wconf 79' lang='lat' dir='ltr'>placuit</span> <span class='ocrx_word' id='word_1_16' title='bbox 487 523 580 565; x_wconf 89' lang='lat' dir='ltr'>censu</span> <span class='ocrx_word' id='word_1_17' title='bbox 603 503 703 563; x_wconf 93' lang='lat' dir='ltr'>minor</span> <span class='ocrx_word' id='word_1_18' title='bbox 724 513 813 582; x_wconf 90' lang='lat' dir='ltr'>atque</span> <span class='ocrx_word' id='word_1_19' title='bbox 834 505 950 583; x_wconf 92' lang='lat' dir='ltr'>puellae</span> 
     </span>
     <span class='ocr_line' id='line_1_4' title="bbox 82 587 891 669; baseline -0.004 -17"><span class='ocrx_word' id='word_1_20' title='bbox 82 591 236 652; x_wconf 87' lang='lat' dir='ltr'>sarcinulis</span> <span class='ocrx_word' id='word_1_21' title='bbox 258 587 377 669; x_wconf 81' lang='lat' dir='ltr'>impar?</span> <span class='ocrx_word' id='word_1_22' title='bbox 400 590 466 669; x_wconf 93' lang='lat' dir='ltr'>quis</span> <span class='ocrx_word' id='word_1_23' title='bbox 488 608 602 669; x_wconf 81' lang='lat' dir='ltr'>pauper</span> <span class='ocrx_word' id='word_1_24' title='bbox 624 589 764 650; x_wconf 86' lang='lat' dir='ltr'>scribitur</span> <span class='ocrx_word' id='word_1_25' title='bbox 786 588 891 650; x_wconf 85' lang='lat' dir='ltr'>beros?</span> 
     </span>
    </p>
   </div>
   <div class='ocr_carea' id='block_1_3' title="bbox 80 671 1001 1946">
    <p class='ocr_par' dir='ltr' id='par_1_3' title="bbox 82 671 895 837">
     <span class='ocr_line' id='line_1_5' title="bbox 82 671 895 759; baseline 0 -23"><span class='ocrx_word' id='word_1_26' title='bbox 82 676 199 754; x_wconf 92' lang='lat' dir='ltr'>quando</span> <span class='ocrx_word' id='word_1_27' title='bbox 222 676 254 735; x_wconf 94' lang='lat' dir='ltr'>in</span> <span class='ocrx_word' id='word_1_28' title='bbox 277 675 401 759; x_wconf 86' lang='lat' dir='ltr'>consilio</span> <span class='ocrx_word' id='word_1_29' title='bbox 426 685 470 735; x_wconf 92' lang='lat' dir='ltr'>est</span> <span class='ocrx_word' id='word_1_30' title='bbox 491 671 655 735; x_wconf 79' lang='lat' dir='ltr'>aeditibus?</span> <span class='ocrx_word' id='word_1_31' title='bbox 677 675 795 751; x_wconf 89' lang='lat' dir='ltr'>agmine</span> <span class='ocrx_word' id='word_1_32' title='bbox 818 676 895 736; x_wconf 85' lang='lat' dir='ltr'>lacto</span> 
     </span>
     <span class='ocr_line' id='line_1_6' title="bbox 82 758 790 837; baseline -0.003 -15"><span class='ocrx_word' id='word_1_33' title='bbox 82 762 247 823; x_wconf 80' lang='lat' dir='ltr'>debuerant</span> <span class='ocrx_word' id='word_1_34' title='bbox 268 761 339 820; x_wconf 90' lang='lat' dir='ltr'>olim</span> <span class='ocrx_word' id='word_1_35' title='bbox 361 770 466 821; x_wconf 88' lang='lat' dir='ltr'>tenues</span> <span class='ocrx_word' id='word_1_36' title='bbox 488 760 629 837; x_wconf 82' lang='lat' dir='ltr'>migrasse</span> <span class='ocrx_word' id='word_1_37' title='bbox 652 758 790 829; x_wconf 84' lang='lat' dir='ltr'>Quirites.</span> 
     </span>
    </p>

    <p class='ocr_par' dir='ltr' id='par_1_4' title="bbox 81 844 940 1435">
     <span class='ocr_line' id='line_1_7' title="bbox 82 844 893 924; baseline -0.004 -17"><span class='ocrx_word' id='word_1_38' title='bbox 82 847 152 907; x_wconf 89' lang='lat' dir='ltr'>baut</span> <span class='ocrx_word' id='word_1_39' title='bbox 173 845 259 906; x_wconf 87' lang='grc'><strong>110110</strong></span> <span class='ocrx_word' id='word_1_40' title='bbox 283 855 440 924; x_wconf 90' lang='lat' dir='ltr'>emergunt</span> <span class='ocrx_word' id='word_1_41' title='bbox 463 863 590 924; x_wconf 90' lang='lat' dir='ltr'>quorum</span> <span class='ocrx_word' id='word_1_42' title='bbox 613 844 772 905; x_wconf 89' lang='lat' dir='ltr'>virtutibus</span> <span class='ocrx_word' id='word_1_43' title='bbox 796 855 893 923; x_wconf 89' lang='lat' dir='ltr'>opstat</span> 
     </span>
     <span class='ocr_line' id='line_1_8' title="bbox 82 929 798 1010; baseline -0.001 -19"><span class='ocrx_word' id='word_1_44' title='bbox 82 950 128 994; x_wconf 90' lang='lat' dir='ltr'>res</span> <span class='ocrx_word' id='word_1_45' title='bbox 149 941 277 1010; x_wconf 85' lang='lat' dir='ltr'>angusta</span> <span class='ocrx_word' id='word_1_46' title='bbox 297 931 387 1003; x_wconf 90' lang='lat' dir='ltr'>domi,</span> <span class='ocrx_word' id='word_1_47' title='bbox 410 931 463 992; x_wconf 90' lang='lat' dir='ltr'>sed</span> <span class='ocrx_word' id='word_1_48' title='bbox 485 931 595 990; x_wconf 87' lang='lat' dir='ltr'>Romae</span> <span class='ocrx_word' id='word_1_49' title='bbox 617 929 720 990; x_wconf 92' lang='lat' dir='ltr'>durior</span> <span class='ocrx_word' id='word_1_50' title='bbox 742 930 798 990; x_wconf 91' lang='lat' dir='ltr'>illis</span> 
     </span>
     <span class='ocr_line' id='line_1_9' title="bbox 81 1014 868 1094; baseline -0.003 -17"><span class='ocrx_word' id='word_1_51' title='bbox 81 1027 221 1077; x_wconf 89' lang='lat' dir='ltr'>conatus:</span> <span class='ocrx_word' id='word_1_52' title='bbox 245 1034 354 1094; x_wconf 88' lang='lat' dir='ltr'>magno</span> <span class='ocrx_word' id='word_1_53' title='bbox 376 1016 537 1094; x_wconf 88' lang='lat' dir='ltr'>hospitium</span> <span class='ocrx_word' id='word_1_54' title='bbox 562 1014 737 1087; x_wconf 80' lang='lat' dir='ltr'>miserabile,</span> <span class='ocrx_word' id='word_1_55' title='bbox 760 1032 868 1092; x_wconf 89' lang='lat' dir='ltr'>magno</span> 
     </span>
     <span class='ocr_line' id='line_1_10' title="bbox 82 1100 807 1180; baseline -0.007 -17"><span class='ocrx_word' id='word_1_56' title='bbox 82 1119 234 1163; x_wconf 90' lang='lat' dir='ltr'>servorum</span> <span class='ocrx_word' id='word_1_57' title='bbox 257 1111 384 1174; x_wconf 89' lang='lat' dir='ltr'>ventres,</span> <span class='ocrx_word' id='word_1_58' title='bbox 409 1111 438 1161; x_wconf 88' lang='lat' dir='ltr'>et</span> <span class='ocrx_word' id='word_1_59' title='bbox 460 1100 538 1180; x_wconf 82' lang='lat' dir='ltr'>frugi</span> <span class='ocrx_word' id='word_1_60' title='bbox 562 1100 667 1160; x_wconf 88' lang='lat' dir='ltr'>cenula</span> <span class='ocrx_word' id='word_1_61' title='bbox 690 1118 807 1178; x_wconf 90' lang='lat' dir='ltr'>magno.</span> 
     </span>
     <span class='ocr_line' id='line_1_11' title="bbox 81 1185 833 1264; baseline -0.003 -17"><span class='ocrx_word' id='word_1_62' title='bbox 81 1186 220 1248; x_wconf 86' lang='lat' dir='ltr'>fictilibus</span> <span class='ocrx_word' id='word_1_63' title='bbox 243 1205 350 1247; x_wconf 83' lang='lat' dir='ltr'>cenare</span> <span class='ocrx_word' id='word_1_64' title='bbox 373 1186 473 1264; x_wconf 88' lang='lat' dir='ltr'>pudet,</span> <span class='ocrx_word' id='word_1_65' title='bbox 497 1186 576 1264; x_wconf 91' lang='lat' dir='ltr'>quod</span> <span class='ocrx_word' id='word_1_66' title='bbox 599 1195 686 1263; x_wconf 88' lang='lat' dir='ltr'>turpe</span> <span class='ocrx_word' id='word_1_67' title='bbox 710 1185 833 1264; x_wconf 88' lang='lat' dir='ltr'>negabis</span> 
     </span>
     <span class='ocr_line' id='line_1_12' title="bbox 81 1269 940 1348; baseline -0.003 -16"><span class='ocrx_word' id='word_1_68' title='bbox 81 1272 240 1333; x_wconf 91' lang='lat' dir='ltr'>translatus</span> <span class='ocrx_word' id='word_1_69' title='bbox 262 1271 360 1332; x_wconf 92' lang='lat' dir='ltr'>subito</span> <span class='ocrx_word' id='word_1_70' title='bbox 384 1271 420 1331; x_wconf 88' lang='lat' dir='ltr'>ad</span> <span class='ocrx_word' id='word_1_71' title='bbox 443 1270 556 1332; x_wconf 89' lang='lat' dir='ltr'>Marsos</span> <span class='ocrx_word' id='word_1_72' title='bbox 577 1288 771 1348; x_wconf 88' lang='lat' dir='ltr'>mensamque</span> <span class='ocrx_word' id='word_1_73' title='bbox 794 1269 940 1330; x_wconf 87' lang='lat' dir='ltr'>Sabellam</span> 
     </span>
     <span class='ocr_line' id='line_1_13' title="bbox 82 1355 826 1435; baseline -0.004 -18"><span class='ocrx_word' id='word_1_74' title='bbox 82 1366 301 1435; x_wconf 87' lang='lat' dir='ltr'>contentusque</span> <span class='ocrx_word' id='word_1_75' title='bbox 323 1356 384 1416; x_wconf 87' lang='lat' dir='ltr'>illic</span> <span class='ocrx_word' id='word_1_76' title='bbox 406 1355 518 1416; x_wconf 89' lang='lat' dir='ltr'>Veneto</span> <span class='ocrx_word' id='word_1_77' title='bbox 541 1356 676 1433; x_wconf 90' lang='lat' dir='ltr'>duroque</span> <span class='ocrx_word' id='word_1_78' title='bbox 699 1355 826 1415; x_wconf 87' lang='lat' dir='ltr'>cucullo.</span> 
     </span>
    </p>

    <p class='ocr_par' dir='ltr' id='par_1_5' title="bbox 80 1440 1001 1860">
     <span class='ocr_line' id='line_1_14' title="bbox 80 1440 1001 1522; baseline -0.003 -20"><span class='ocrx_word' id='word_1_79' title='bbox 80 1461 149 1522; x_wconf 91' lang='lat' dir='ltr'>pars</span> <span class='ocrx_word' id='word_1_80' title='bbox 172 1460 279 1520; x_wconf 90' lang='lat' dir='ltr'>magna</span> <span class='ocrx_word' id='word_1_81' title='bbox 301 1441 399 1501; x_wconf 90' lang='lat' dir='ltr'>ltaliae</span> <span class='ocrx_word' id='word_1_82' title='bbox 422 1450 476 1514; x_wconf 89' lang='lat' dir='ltr'>est,</span> <span class='ocrx_word' id='word_1_83' title='bbox 498 1441 522 1501; x_wconf 91' lang='lat' dir='ltr'>si</span> <span class='ocrx_word' id='word_1_84' title='bbox 545 1458 647 1501; x_wconf 89' lang='lat' dir='ltr'>verum</span> <span class='ocrx_word' id='word_1_85' title='bbox 670 1440 867 1512; x_wconf 88' lang='lat' dir='ltr'>admittimus,</span> <span class='ocrx_word' id='word_1_86' title='bbox 889 1441 921 1499; x_wconf 95' lang='lat' dir='ltr'>in</span> <span class='ocrx_word' id='word_1_87' title='bbox 945 1458 1001 1518; x_wconf 91' lang='lat' dir='ltr'>qua</span> 
     </span>
     <span class='ocr_line' id='line_1_15' title="bbox 82 1525 898 1604; baseline -0.005 -17"><span class='ocrx_word' id='word_1_88' title='bbox 82 1546 169 1588; x_wconf 92' lang='lat' dir='ltr'>nemo</span> <span class='ocrx_word' id='word_1_89' title='bbox 194 1536 291 1604; x_wconf 89' lang='lat' dir='ltr'>togam</span> <span class='ocrx_word' id='word_1_90' title='bbox 313 1525 403 1586; x_wconf 90' lang='lat' dir='ltr'>sumit</span> <span class='ocrx_word' id='word_1_91' title='bbox 426 1526 483 1587; x_wconf 92' lang='lat' dir='ltr'>nisi</span> <span class='ocrx_word' id='word_1_92' title='bbox 506 1535 652 1586; x_wconf 84' lang='lat' dir='ltr'>mortuus</span> <span class='ocrx_word' id='word_1_93' title='bbox 697 1525 760 1604; x_wconf 93' lang='lat' dir='ltr'>ipsa</span> <span class='ocrx_word' id='word_1_94' title='bbox 783 1525 898 1584; x_wconf 90' lang='lat' dir='ltr'>dierum</span> 
     </span>
     <span class='ocr_line' id='line_1_16' title="bbox 82 1611 838 1688; baseline -0.004 -16"><span class='ocrx_word' id='word_1_95' title='bbox 82 1613 225 1673; x_wconf 87' lang='lat' dir='ltr'>festorum</span> <span class='ocrx_word' id='word_1_96' title='bbox 248 1611 377 1672; x_wconf 91' lang='lat' dir='ltr'>herboso</span> <span class='ocrx_word' id='word_1_97' title='bbox 401 1611 509 1671; x_wconf 88' lang='lat' dir='ltr'>colitur</span> <span class='ocrx_word' id='word_1_98' title='bbox 531 1611 556 1672; x_wconf 93' lang='lat' dir='ltr'>si</span> <span class='ocrx_word' id='word_1_99' title='bbox 579 1611 697 1688; x_wconf 94' lang='lat' dir='ltr'>quando</span> <span class='ocrx_word' id='word_1_100' title='bbox 722 1611 838 1670; x_wconf 91' lang='lat' dir='ltr'>theatro</span> 
     </span>
     <span class='ocr_line' id='line_1_17' title="bbox 83 1696 839 1775; baseline -0.003 -19"><span class='ocrx_word' id='word_1_101' title='bbox 83 1699 216 1758; x_wconf 86' lang='lat' dir='ltr'>maiestas</span> <span class='ocrx_word' id='word_1_102' title='bbox 238 1697 417 1775; x_wconf 89' lang='lat' dir='ltr'>tandemque</span> <span class='ocrx_word' id='word_1_103' title='bbox 440 1697 517 1756; x_wconf 92' lang='lat' dir='ltr'>redit</span> <span class='ocrx_word' id='word_1_104' title='bbox 538 1696 573 1755; x_wconf 92' lang='lat' dir='ltr'>ad</span> <span class='ocrx_word' id='word_1_105' title='bbox 596 1696 710 1774; x_wconf 92' lang='lat' dir='ltr'>pulpita</span> <span class='ocrx_word' id='word_1_106' title='bbox 733 1705 839 1755; x_wconf 94' lang='lat' dir='ltr'>notum</span> 
     </span>
     <span class='ocr_line' id='line_1_18' title="bbox 82 1781 784 1860; baseline -0.004 -18"><span class='ocrx_word' id='word_1_107' title='bbox 82 1783 228 1852; x_wconf 80' lang='lat' dir='ltr'>exodium,</span> <span class='ocrx_word' id='word_1_108' title='bbox 252 1801 320 1842; x_wconf 90' lang='lat' dir='ltr'>cum</span> <span class='ocrx_word' id='word_1_109' title='bbox 343 1799 489 1860; x_wconf 87' lang='lat' dir='ltr'>personae</span> <span class='ocrx_word' id='word_1_110' title='bbox 512 1782 650 1860; x_wconf 92' lang='lat' dir='ltr'>pallentis</span> <span class='ocrx_word' id='word_1_111' title='bbox 672 1781 784 1841; x_wconf 90' lang='lat' dir='ltr'>hiatum</span> 
     </span>
    </p>

    <p class='ocr_par' dir='ltr' id='par_1_6' title="bbox 82 1866 816 1946">
     <span class='ocr_line' id='line_1_19' title="bbox 82 1866 816 1946; baseline -0.001 -20"><span class='ocrx_word' id='word_1_112' title='bbox 82 1868 111 1927; x_wconf 91' lang='lat' dir='ltr'>in</span> <span class='ocrx_word' id='word_1_113' title='bbox 135 1866 249 1946; x_wconf 93' lang='lat' dir='ltr'>gremio</span> <span class='ocrx_word' id='word_1_114' title='bbox 274 1867 375 1927; x_wconf 90' lang='lat' dir='ltr'>matris</span> <span class='ocrx_word' id='word_1_115' title='bbox 397 1866 536 1927; x_wconf 82' lang='lat' dir='ltr'>formidat</span> <span class='ocrx_word' id='word_1_116' title='bbox 557 1867 686 1927; x_wconf 91' lang='lat' dir='ltr'>rusticus</span> <span class='ocrx_word' id='word_1_117' title='bbox 708 1867 816 1939; x_wconf 85' lang='lat' dir='ltr'>iulans,</span> 
     </span>
    </p>
   </div>
   <div class='ocr_carea' id='block_1_4' title="bbox 78 2052 1160 3832">
    <p class='ocr_par' dir='ltr' id='par_1_7' title="bbox 78 2052 1159 2639">
     <span class='ocr_line' id='line_1_20' title="bbox 80 2052 1157 2130; baseline -0.005 -19"><span class='ocrx_word' id='word_1_118' title='bbox 80 2056 171 2130; x_wconf 89' lang='lat' dir='ltr'>pinna.</span> <span class='ocrx_word' id='word_1_119' title='bbox 193 2055 283 2129; x_wconf 85' lang='lat' dir='ltr'>pinnis</span> <span class='ocrx_word' id='word_1_120' title='bbox 304 2072 439 2128; x_wconf 87' lang='lat' dir='ltr'>pavonum</span> <span class='ocrx_word' id='word_1_121' title='bbox 461 2055 552 2111; x_wconf 89' lang='lat' dir='ltr'>ornari</span> <span class='ocrx_word' id='word_1_122' title='bbox 569 2053 657 2111; x_wconf 88' lang='lat' dir='ltr'>solent</span> <span class='ocrx_word' id='word_1_123' title='bbox 672 2055 843 2126; x_wconf 89' lang='lat' dir='ltr'>gladiatores,</span> <span class='ocrx_word' id='word_1_124' title='bbox 867 2053 888 2108; x_wconf 92' lang='lat' dir='ltr'>si</span> <span class='ocrx_word' id='word_1_125' title='bbox 904 2053 1012 2126; x_wconf 90' lang='lat' dir='ltr'>quaudo</span> <span class='ocrx_word' id='word_1_126' title='bbox 1027 2052 1059 2107; x_wconf 91' lang='lat' dir='ltr'>ad</span> <span class='ocrx_word' id='word_1_127' title='bbox 1077 2068 1157 2125; x_wconf 92' lang='lat' dir='ltr'>pom-</span> 
     </span>
     <span class='ocr_line' id='line_1_21' title="bbox 78 2137 1158 2214; baseline -0.005 -18"><span class='ocrx_word' id='word_1_128' title='bbox 78 2157 138 2214; x_wconf 90' lang='lat' dir='ltr'>pam</span> <span class='ocrx_word' id='word_1_129' title='bbox 167 2140 345 2197; x_wconf 90' lang='lat' dir='ltr'>descendunt.</span> <span class='ocrx_word' id='word_1_130' title='bbox 372 2140 529 2214; x_wconf 89' lang='lat' dir='ltr'>pinnirapos</span> <span class='ocrx_word' id='word_1_131' title='bbox 551 2149 640 2196; x_wconf 90' lang='lat' dir='ltr'>autem</span> <span class='ocrx_word' id='word_1_132' title='bbox 662 2140 726 2196; x_wconf 87' lang='lat' dir='ltr'>dicit</span> <span class='ocrx_word' id='word_1_133' title='bbox 745 2139 865 2195; x_wconf 87' lang='lat' dir='ltr'>lanistas.</span> <span class='ocrx_word' id='word_1_134' title='bbox 888 2155 920 2194; x_wconf 83' lang='grc'>01</span> <span class='ocrx_word' id='word_1_135' title='bbox 941 2137 1033 2194; x_wconf 88' lang='lat' dir='ltr'>babitu</span> <span class='ocrx_word' id='word_1_136' title='bbox 1055 2137 1158 2211; x_wconf 89' lang='lat' dir='ltr'>gladia·</span> 
     </span>
     <span class='ocr_line' id='line_1_22' title="bbox 81 2223 1158 2299; baseline -0.003 -18"><span class='ocrx_word' id='word_1_137' title='bbox 81 2234 180 2282; x_wconf 90' lang='lat' dir='ltr'>torum.</span> <span class='ocrx_word' id='word_1_138' title='bbox 203 2226 265 2299; x_wconf 90' lang='lat' dir='ltr'>quia</span> <span class='ocrx_word' id='word_1_139' title='bbox 286 2233 485 2299; x_wconf 87' lang='lat' dir='ltr'>postmortem</span> <span class='ocrx_word' id='word_1_140' title='bbox 507 2225 607 2281; x_wconf 90' lang='lat' dir='ltr'>retiarii</span> <span class='ocrx_word' id='word_1_141' title='bbox 628 2226 737 2299; x_wconf 88' lang='lat' dir='ltr'>pinnam</span> <span class='ocrx_word' id='word_1_142' title='bbox 759 2225 785 2280; x_wconf 93' lang='lat' dir='ltr'>id</span> <span class='ocrx_word' id='word_1_143' title='bbox 809 2233 849 2280; x_wconf 90' lang='lat' dir='ltr'>est</span> <span class='ocrx_word' id='word_1_144' title='bbox 871 2223 999 2279; x_wconf 87' lang='lat' dir='ltr'>manicam</span> <span class='ocrx_word' id='word_1_145' title='bbox 1022 2223 1101 2296; x_wconf 88' lang='lat' dir='ltr'>rapit,</span> <span class='ocrx_word' id='word_1_146' title='bbox 1128 2232 1158 2279; x_wconf 91' lang='lat' dir='ltr'>ut</span> 
     </span>
     <span class='ocr_line' id='line_1_23' title="bbox 80 2307 1158 2385; baseline -0.006 -18"><span class='ocrx_word' id='word_1_147' title='bbox 80 2311 205 2367; x_wconf 87' lang='lat' dir='ltr'>ostendat</span> <span class='ocrx_word' id='word_1_148' title='bbox 224 2310 327 2385; x_wconf 91' lang='lat' dir='ltr'>populo</span> <span class='ocrx_word' id='word_1_149' title='bbox 350 2328 380 2368; x_wconf 92' lang='lat' dir='ltr'>se</span> <span class='ocrx_word' id='word_1_150' title='bbox 400 2310 503 2366; x_wconf 90' lang='lat' dir='ltr'>vicisse.</span> <span class='ocrx_word' id='word_1_151' title='bbox 526 2319 572 2367; x_wconf 91' lang='lat' dir='ltr'>aut</span> <span class='ocrx_word' id='word_1_152' title='bbox 593 2310 653 2367; x_wconf 90' lang='lat' dir='ltr'>ideo</span> <span class='ocrx_word' id='word_1_153' title='bbox 676 2310 842 2383; x_wconf 90' lang='lat' dir='ltr'>pinnirapos,</span> <span class='ocrx_word' id='word_1_154' title='bbox 866 2308 928 2381; x_wconf 91' lang='lat' dir='ltr'>quia</span> <span class='ocrx_word' id='word_1_155' title='bbox 948 2307 1044 2382; x_wconf 90' lang='lat' dir='ltr'>pinnas</span> <span class='ocrx_word' id='word_1_156' title='bbox 1065 2307 1093 2362; x_wconf 94' lang='lat' dir='ltr'>in</span> <span class='ocrx_word' id='word_1_157' title='bbox 1108 2323 1158 2379; x_wconf 89' lang='lat' dir='ltr'>ga·</span> 
     </span>
     <span class='ocr_line' id='line_1_24' title="bbox 78 2390 1159 2468; baseline -0.003 -17"><span class='ocrx_word' id='word_1_158' title='bbox 78 2396 127 2452; x_wconf 89' lang='lat' dir='ltr'>leis</span> <span class='ocrx_word' id='word_1_159' title='bbox 153 2395 295 2452; x_wconf 90' lang='lat' dir='ltr'>habebant.</span> <span class='ocrx_word' id='word_1_160' title='bbox 319 2404 350 2452; x_wconf 92' lang='lat' dir='ltr'>ut</span> <span class='ocrx_word' id='word_1_161' title='bbox 370 2396 488 2453; x_wconf 88' lang='lat' dir='ltr'>Lucilius</span> <span class='ocrx_word' id='word_1_162' title='bbox 511 2390 591 2451; x_wconf 82' lang='lat' dir='ltr'>‘cum</span> <span class='ocrx_word' id='word_1_163' title='bbox 619 2406 721 2468; x_wconf 88' lang='lat' dir='ltr'>septem</span> <span class='ocrx_word' id='word_1_164' title='bbox 750 2394 892 2450; x_wconf 91' lang='lat' dir='ltr'>incolumis</span> <span class='ocrx_word' id='word_1_165' title='bbox 920 2392 1009 2466; x_wconf 92' lang='lat' dir='ltr'>pinnis</span> <span class='ocrx_word' id='word_1_166' title='bbox 1037 2393 1107 2446; x_wconf 91' lang='lat' dir='ltr'>redit</span> <span class='ocrx_word' id='word_1_167' title='bbox 1128 2408 1159 2448; x_wconf 88' lang='lat' dir='ltr'>ac</span> 
     </span>
     <span class='ocr_line' id='line_1_25' title="bbox 79 2467 1158 2554; baseline -0.005 -18"><span class='ocrx_word' id='word_1_168' title='bbox 79 2481 173 2554; x_wconf 87' lang='lat' dir='ltr'>recipit</span> <span class='ocrx_word' id='word_1_169' title='bbox 194 2467 243 2537; x_wconf 83' lang='lat' dir='ltr'>se&#39;.</span> <span class='ocrx_word' id='word_1_170' title='bbox 345 2483 401 2538; x_wconf 87' lang='grc'>161</span> <span class='ocrx_word' id='word_1_171' title='bbox 427 2480 566 2536; x_wconf 88' lang='lat' dir='ltr'>sarcinulis</span> <span class='ocrx_word' id='word_1_172' title='bbox 589 2496 661 2536; x_wconf 91' lang='lat' dir='ltr'>nune</span> <span class='ocrx_word' id='word_1_173' title='bbox 677 2480 749 2535; x_wconf 87' lang='lat' dir='ltr'>doti.</span> <span class='ocrx_word' id='word_1_174' title='bbox 847 2477 949 2550; x_wconf 88' lang='lat' dir='ltr'>colligit</span> <span class='ocrx_word' id='word_1_175' title='bbox 970 2485 1060 2532; x_wconf 90' lang='lat' dir='ltr'>autem</span> <span class='ocrx_word' id='word_1_176' title='bbox 1082 2477 1158 2549; x_wconf 90' lang='lat' dir='ltr'>quasi</span> 
     </span>
     <span class='ocr_line' id='line_1_26' title="bbox 79 2561 1042 2639; baseline -0.006 -18"><span class='ocrx_word' id='word_1_177' title='bbox 79 2565 247 2623; x_wconf 90' lang='lat' dir='ltr'>incommoda</span> <span class='ocrx_word' id='word_1_178' title='bbox 269 2566 444 2639; x_wconf 89' lang='lat' dir='ltr'>paupertatis,</span> <span class='ocrx_word' id='word_1_179' title='bbox 467 2575 575 2621; x_wconf 92' lang='lat' dir='ltr'>utnon</span> <span class='ocrx_word' id='word_1_180' title='bbox 598 2565 709 2621; x_wconf 92' lang='lat' dir='ltr'>maritus</span> <span class='ocrx_word' id='word_1_181' title='bbox 732 2563 810 2620; x_wconf 81' lang='lat' dir='ltr'>uxori</span> <span class='ocrx_word' id='word_1_182' title='bbox 832 2564 866 2618; x_wconf 90' lang='lat' dir='ltr'>sit</span> <span class='ocrx_word' id='word_1_183' title='bbox 888 2561 1042 2636; x_wconf 90' lang='lat' dir='ltr'>pauperior.</span> 
     </span>
    </p>

    <p class='ocr_par' dir='ltr' id='par_1_8' title="bbox 79 2644 1160 2979">
     <span class='ocr_line' id='line_1_27' title="bbox 168 2644 1158 2725; baseline -0.003 -18"><span class='ocrx_word' id='word_1_184' title='bbox 168 2653 226 2708; x_wconf 89' lang='grc'>164</span> <span class='ocrx_word' id='word_1_185' title='bbox 250 2649 376 2722; x_wconf 89' lang='lat' dir='ltr'>collecta,</span> <span class='ocrx_word' id='word_1_186' title='bbox 399 2651 503 2725; x_wconf 91' lang='lat' dir='ltr'>inquit,</span> <span class='ocrx_word' id='word_1_187' title='bbox 525 2649 696 2707; x_wconf 88' lang='lat' dir='ltr'>multitudiue</span> <span class='ocrx_word' id='word_1_188' title='bbox 719 2649 866 2705; x_wconf 89' lang='lat' dir='ltr'>debuerant</span> <span class='ocrx_word' id='word_1_189' title='bbox 889 2663 1022 2721; x_wconf 87' lang='lat' dir='ltr'>pauperes</span> <span class='ocrx_word' id='word_1_190' title='bbox 1043 2644 1158 2718; x_wconf 89' lang='lat' dir='ltr'>migrare</span> 
     </span>
     <span class='ocr_line' id='line_1_28' title="bbox 79 2731 1158 2809; baseline -0.003 -18"><span class='ocrx_word' id='word_1_191' title='bbox 79 2752 112 2791; x_wconf 85' lang='lat' dir='ltr'>ex</span> <span class='ocrx_word' id='word_1_192' title='bbox 139 2735 215 2792; x_wconf 90' lang='lat' dir='ltr'>urbe.</span> <span class='ocrx_word' id='word_1_193' title='bbox 245 2751 319 2791; x_wconf 90' lang='grc'><strong>1111110</strong></span> <span class='ocrx_word' id='word_1_194' title='bbox 348 2738 422 2809; x_wconf 89' lang='lat' dir='ltr'>quasi</span> <span class='ocrx_word' id='word_1_195' title='bbox 453 2753 508 2791; x_wconf 93' lang='lat' dir='ltr'>non</span> <span class='ocrx_word' id='word_1_196' title='bbox 539 2752 687 2808; x_wconf 86' lang='lat' dir='ltr'>pauperes,</span> <span class='ocrx_word' id='word_1_197' title='bbox 716 2735 764 2790; x_wconf 92' lang='lat' dir='ltr'>sed</span> <span class='ocrx_word' id='word_1_198' title='bbox 792 2733 868 2808; x_wconf 90' lang='lat' dir='ltr'>quasi</span> <span class='ocrx_word' id='word_1_199' title='bbox 889 2733 989 2789; x_wconf 88' lang='lat' dir='ltr'>Romae</span> <span class='ocrx_word' id='word_1_200' title='bbox 1010 2731 1158 2788; x_wconf 89' lang='lat' dir='ltr'>mediocres</span> 
     </span>
     <span class='ocr_line' id='line_1_29' title="bbox 80 2818 1160 2895; baseline -0.002 -19"><span class='ocrx_word' id='word_1_201' title='bbox 80 2821 186 2895; x_wconf 86' lang='lat' dir='ltr'>gravius</span> <span class='ocrx_word' id='word_1_202' title='bbox 208 2821 346 2877; x_wconf 89' lang='lat' dir='ltr'>transient.</span> <span class='ocrx_word' id='word_1_203' title='bbox 437 2823 495 2879; x_wconf 94' lang='lat'>166</span> <span class='ocrx_word' id='word_1_204' title='bbox 519 2837 580 2876; x_wconf 89' lang='grc'><strong>0110</strong></span> <span class='ocrx_word' id='word_1_205' title='bbox 600 2829 724 2877; x_wconf 91' lang='lat' dir='ltr'>manetur</span> <span class='ocrx_word' id='word_1_206' title='bbox 745 2819 884 2893; x_wconf 87' lang='lat' dir='ltr'>pensione.</span> <span class='ocrx_word' id='word_1_207' title='bbox 974 2820 1030 2876; x_wconf 92' lang='lat'>167</span> <span class='ocrx_word' id='word_1_208' title='bbox 1054 2818 1160 2874; x_wconf 90' lang='lat' dir='ltr'>medio·</span> 
     </span>
     <span class='ocr_line' id='line_1_30' title="bbox 81 2905 1159 2979; baseline -0.002 -18"><span class='ocrx_word' id='word_1_209' title='bbox 81 2907 133 2962; x_wconf 90' lang='lat' dir='ltr'>cris</span> <span class='ocrx_word' id='word_1_210' title='bbox 155 2905 248 2962; x_wconf 90' lang='lat' dir='ltr'>cenula</span> <span class='ocrx_word' id='word_1_211' title='bbox 270 2923 332 2962; x_wconf 87' lang='lat' dir='ltr'>earo</span> <span class='ocrx_word' id='word_1_212' title='bbox 356 2915 536 2979; x_wconf 89' lang='lat' dir='ltr'>comparatur.</span> <span class='ocrx_word' id='word_1_213' title='bbox 656 2905 754 2962; x_wconf 89' lang='lat' dir='ltr'>cibaria</span> <span class='ocrx_word' id='word_1_214' title='bbox 775 2922 916 2961; x_wconf 89' lang='lat' dir='ltr'>servorum</span> <span class='ocrx_word' id='word_1_215' title='bbox 939 2921 1000 2961; x_wconf 89' lang='lat' dir='ltr'>care</span> <span class='ocrx_word' id='word_1_216' title='bbox 1022 2913 1159 2960; x_wconf 87' lang='lat' dir='ltr'>emuntur.</span> 
     </span>
    </p>

    <p class='ocr_par' dir='ltr' id='par_1_9' title="bbox 80 2987 1157 3150">
     <span class='ocr_line' id='line_1_31' title="bbox 169 2987 1157 3063; baseline -0.004 -15"><span class='ocrx_word' id='word_1_217' title='bbox 169 2993 227 3049; x_wconf 89' lang='grc'>168</span> <span class='ocrx_word' id='word_1_218' title='bbox 255 2991 284 3046; x_wconf 93' lang='lat' dir='ltr'>in</span> <span class='ocrx_word' id='word_1_219' title='bbox 312 2991 379 3048; x_wconf 90' lang='lat' dir='ltr'>urbe</span> <span class='ocrx_word' id='word_1_220' title='bbox 409 2992 435 3047; x_wconf 93' lang='grc'>111</span> <span class='ocrx_word' id='word_1_221' title='bbox 465 2990 589 3047; x_wconf 87' lang='lat' dir='ltr'>fictilibus</span> <span class='ocrx_word' id='word_1_222' title='bbox 620 2991 687 3047; x_wconf 87' lang='lat' dir='ltr'>vasis</span> <span class='ocrx_word' id='word_1_223' title='bbox 713 2992 873 3047; x_wconf 88' lang='lat' dir='ltr'>manducare</span> <span class='ocrx_word' id='word_1_224' title='bbox 901 3001 982 3063; x_wconf 92' lang='lat' dir='ltr'>turpe</span> <span class='ocrx_word' id='word_1_225' title='bbox 1008 2987 1157 3046; x_wconf 89' lang='lat' dir='ltr'>videbatur.</span> 
     </span>
     <span class='ocr_line' id='line_1_32' title="bbox 80 3075 1070 3150; baseline -0.002 -18"><span class='ocrx_word' id='word_1_226' title='bbox 80 3076 197 3150; x_wconf 90' lang='lat' dir='ltr'>quodsi</span> <span class='ocrx_word' id='word_1_227' title='bbox 219 3077 290 3150; x_wconf 92' lang='lat' dir='ltr'>apud</span> <span class='ocrx_word' id='word_1_228' title='bbox 313 3077 414 3133; x_wconf 89' lang='lat' dir='ltr'>llarsos</span> <span class='ocrx_word' id='word_1_229' title='bbox 437 3088 484 3133; x_wconf 90' lang='lat' dir='ltr'>aut</span> <span class='ocrx_word' id='word_1_230' title='bbox 505 3075 617 3132; x_wconf 88' lang='lat' dir='ltr'>Sabinos</span> <span class='ocrx_word' id='word_1_231' title='bbox 641 3075 744 3140; x_wconf 85' lang='lat' dir='ltr'>rideris,</span> <span class='ocrx_word' id='word_1_232' title='bbox 769 3075 878 3149; x_wconf 87' lang='lat' dir='ltr'>negabis</span> <span class='ocrx_word' id='word_1_233' title='bbox 901 3092 959 3131; x_wconf 90' lang='lat' dir='ltr'>esse</span> <span class='ocrx_word' id='word_1_234' title='bbox 982 3082 1070 3146; x_wconf 90' lang='lat' dir='ltr'>turpe.</span> 
     </span>
    </p>

    <p class='ocr_par' dir='ltr' id='par_1_10' title="bbox 79 3158 1157 3832">
     <span class='ocr_line' id='line_1_33' title="bbox 169 3158 1157 3234; baseline -0.006 -16"><span class='ocrx_word' id='word_1_235' title='bbox 169 3164 228 3219; x_wconf 91' lang='lat'>170</span> <span class='ocrx_word' id='word_1_236' title='bbox 259 3172 305 3218; x_wconf 87' lang='lat' dir='ltr'>aut</span> <span class='ocrx_word' id='word_1_237' title='bbox 332 3180 422 3219; x_wconf 90' lang='lat' dir='ltr'>crasso</span> <span class='ocrx_word' id='word_1_238' title='bbox 452 3163 544 3217; x_wconf 88' lang='lat' dir='ltr'>babitu</span> <span class='ocrx_word' id='word_1_239' title='bbox 573 3172 620 3216; x_wconf 85' lang='lat' dir='ltr'>aut</span> <span class='ocrx_word' id='word_1_240' title='bbox 645 3161 736 3234; x_wconf 90' lang='lat' dir='ltr'>quales</span> <span class='ocrx_word' id='word_1_241' title='bbox 759 3160 881 3216; x_wconf 87' lang='lat' dir='ltr'>cucullos</span> <span class='ocrx_word' id='word_1_242' title='bbox 903 3158 1003 3215; x_wconf 90' lang='lat' dir='ltr'>habeut</span> <span class='ocrx_word' id='word_1_243' title='bbox 1024 3158 1157 3213; x_wconf 86' lang='lat' dir='ltr'>Perusini.</span> 
     </span>
     <span class='ocr_line' id='line_1_34' title="bbox 81 3242 1157 3322; baseline -0.004 -21"><span class='ocrx_word' id='word_1_244' title='bbox 81 3247 121 3303; x_wconf 88' lang='grc'>101</span> <span class='ocrx_word' id='word_1_245' title='bbox 143 3264 159 3302; x_wconf 85' lang='grc'>1</span> <span class='ocrx_word' id='word_1_246' title='bbox 181 3245 273 3304; x_wconf 89' lang='grc'><strong>001010</strong></span> <span class='ocrx_word' id='word_1_247' title='bbox 295 3255 342 3303; x_wconf 87' lang='lat' dir='ltr'>aut</span> <span class='ocrx_word' id='word_1_248' title='bbox 363 3248 500 3322; x_wconf 87' lang='lat' dir='ltr'>provincia</span> <span class='ocrx_word' id='word_1_249' title='bbox 522 3257 642 3302; x_wconf 87' lang='lat' dir='ltr'>venetos.</span> <span class='ocrx_word' id='word_1_250' title='bbox 773 3246 831 3301; x_wconf 83' lang='lat'>172</span> <span class='ocrx_word' id='word_1_251' title='bbox 856 3255 886 3300; x_wconf 84' lang='grc'>111</span> <span class='ocrx_word' id='word_1_252' title='bbox 907 3244 931 3299; x_wconf 88' lang='grc'>01</span> <span class='ocrx_word' id='word_1_253' title='bbox 953 3260 1035 3316; x_wconf 89' lang='lat' dir='ltr'>super</span> <span class='ocrx_word' id='word_1_254' title='bbox 1057 3242 1157 3298; x_wconf 86' lang='lat' dir='ltr'>lectum</span> 
     </span>
     <span class='ocr_line' id='line_1_35' title="bbox 80 3327 1157 3402; baseline -0.005 -16"><span class='ocrx_word' id='word_1_255' title='bbox 80 3331 195 3396; x_wconf 88' lang='lat' dir='ltr'>mittant,</span> <span class='ocrx_word' id='word_1_256' title='bbox 219 3332 282 3388; x_wconf 93' lang='lat' dir='ltr'>dum</span> <span class='ocrx_word' id='word_1_257' title='bbox 305 3341 428 3389; x_wconf 92' lang='lat' dir='ltr'>mortuus</span> <span class='ocrx_word' id='word_1_258' title='bbox 450 3333 570 3389; x_wconf 79' lang='lat' dir='ltr'>effertur.</span> <span class='ocrx_word' id='word_1_259' title='bbox 663 3334 719 3388; x_wconf 91' lang='grc'>173</span> <span class='ocrx_word' id='word_1_260' title='bbox 744 3329 870 3402; x_wconf 89' lang='lat' dir='ltr'>quoniam</span> <span class='ocrx_word' id='word_1_261' title='bbox 885 3338 947 3402; x_wconf 89' lang='lat' dir='ltr'>post</span> <span class='ocrx_word' id='word_1_262' title='bbox 960 3327 1073 3400; x_wconf 87' lang='lat' dir='ltr'>longum</span> <span class='ocrx_word' id='word_1_263' title='bbox 1089 3336 1157 3384; x_wconf 88' lang='lat' dir='ltr'>tern-</span> 
     </span>
     <span class='ocr_line' id='line_1_36' title="bbox 79 3413 1154 3490; baseline -0.004 -18"><span class='ocrx_word' id='word_1_264' title='bbox 79 3434 131 3490; x_wconf 92' lang='lat' dir='ltr'>pus</span> <span class='ocrx_word' id='word_1_265' title='bbox 153 3416 321 3474; x_wconf 89' lang='lat' dir='ltr'>celebrantur</span> <span class='ocrx_word' id='word_1_266' title='bbox 342 3418 409 3475; x_wconf 89' lang='lat' dir='ltr'>ludi.</span> <span class='ocrx_word' id='word_1_267' title='bbox 501 3421 559 3475; x_wconf 88' lang='lat'>174</span> <span class='ocrx_word' id='word_1_268' title='bbox 584 3433 638 3473; x_wconf 93' lang='lat' dir='ltr'>non</span> <span class='ocrx_word' id='word_1_269' title='bbox 661 3432 760 3471; x_wconf 84' lang='lat' dir='ltr'>novum</span> <span class='ocrx_word' id='word_1_270' title='bbox 775 3425 822 3471; x_wconf 91' lang='lat' dir='ltr'>aut</span> <span class='ocrx_word' id='word_1_271' title='bbox 836 3413 1006 3487; x_wconf 78' lang='lat' dir='ltr'>exquisitum.</span> <span class='ocrx_word' id='word_1_272' title='bbox 1097 3414 1154 3469; x_wconf 85' lang='lat'>175</span> 
     </span>
     <span class='ocr_line' id='line_1_37' title="bbox 80 3495 1155 3576; baseline -0.005 -18"><span class='ocrx_word' id='word_1_273' title='bbox 80 3501 230 3558; x_wconf 87' lang='lat' dir='ltr'>exodiarius</span> <span class='ocrx_word' id='word_1_274' title='bbox 252 3503 324 3576; x_wconf 88' lang='lat' dir='ltr'>apud</span> <span class='ocrx_word' id='word_1_275' title='bbox 346 3514 449 3561; x_wconf 90' lang='lat' dir='ltr'>veteres</span> <span class='ocrx_word' id='word_1_276' title='bbox 471 3503 499 3558; x_wconf 94' lang='lat' dir='ltr'>in</span> <span class='ocrx_word' id='word_1_277' title='bbox 514 3502 566 3558; x_wconf 86' lang='lat' dir='ltr'>line</span> <span class='ocrx_word' id='word_1_278' title='bbox 581 3502 708 3558; x_wconf 90' lang='lat' dir='ltr'>ludorum</span> <span class='ocrx_word' id='word_1_279' title='bbox 722 3499 847 3571; x_wconf 89' lang='lat' dir='ltr'>intrabat,</span> <span class='ocrx_word' id='word_1_280' title='bbox 871 3498 917 3572; x_wconf 93' lang='lat' dir='ltr'>qui</span> <span class='ocrx_word' id='word_1_281' title='bbox 932 3496 1059 3553; x_wconf 91' lang='lat' dir='ltr'>ridiculus</span> <span class='ocrx_word' id='word_1_282' title='bbox 1075 3495 1155 3561; x_wconf 81' lang='lat' dir='ltr'>soret,</span> 
     </span>
     <span class='ocr_line' id='line_1_38' title="bbox 80 3581 1157 3662; baseline -0.006 -19"><span class='ocrx_word' id='word_1_283' title='bbox 80 3595 111 3643; x_wconf 87' lang='lat' dir='ltr'>ut</span> <span class='ocrx_word' id='word_1_284' title='bbox 132 3587 260 3661; x_wconf 90' lang='lat' dir='ltr'>quiequid</span> <span class='ocrx_word' id='word_1_285' title='bbox 281 3588 450 3645; x_wconf 86' lang='lat' dir='ltr'>lacrimarum</span> <span class='ocrx_word' id='word_1_286' title='bbox 478 3598 560 3662; x_wconf 90' lang='lat' dir='ltr'>atque</span> <span class='ocrx_word' id='word_1_287' title='bbox 588 3587 718 3651; x_wconf 89' lang='lat' dir='ltr'>tristitiae,</span> <span class='ocrx_word' id='word_1_288' title='bbox 747 3603 816 3660; x_wconf 90' lang='lat' dir='ltr'>quae</span> <span class='ocrx_word' id='word_1_289' title='bbox 845 3584 960 3640; x_wconf 84' lang='lat' dir='ltr'>exissent</span> <span class='ocrx_word' id='word_1_290' title='bbox 990 3599 1022 3637; x_wconf 82' lang='lat' dir='ltr'>er</span> <span class='ocrx_word' id='word_1_291' title='bbox 1050 3581 1157 3654; x_wconf 82' lang='lat' dir='ltr'>tragicis</span> 
     </span>
     <span class='ocr_line' id='line_1_39' title="bbox 79 3665 1157 3748; baseline -0.006 -20"><span class='ocrx_word' id='word_1_292' title='bbox 79 3670 234 3744; x_wconf 78' lang='lat' dir='ltr'>affectibus,</span> <span class='ocrx_word' id='word_1_293' title='bbox 263 3674 398 3748; x_wconf 91' lang='lat' dir='ltr'>huiusque</span> <span class='ocrx_word' id='word_1_294' title='bbox 427 3671 573 3747; x_wconf 89' lang='lat' dir='ltr'>spectaculi</span> <span class='ocrx_word' id='word_1_295' title='bbox 601 3673 671 3728; x_wconf 93' lang='lat' dir='ltr'>risus</span> <span class='ocrx_word' id='word_1_296' title='bbox 700 3672 860 3744; x_wconf 87' lang='lat' dir='ltr'>detergeret.</span> <span class='ocrx_word' id='word_1_297' title='bbox 891 3669 968 3725; x_wconf 90' lang='lat' dir='ltr'>buius</span> <span class='ocrx_word' id='word_1_298' title='bbox 991 3676 1018 3723; x_wconf 91' lang='lat' dir='ltr'>et</span> <span class='ocrx_word' id='word_1_299' title='bbox 1040 3665 1157 3724; x_wconf 88' lang='lat' dir='ltr'>Lucilius</span> 
     </span>
     <span class='ocr_line' id='line_1_40' title="bbox 79 3740 961 3832; baseline -0.006 -18"><span class='ocrx_word' id='word_1_300' title='bbox 79 3757 199 3814; x_wconf 88' lang='lat' dir='ltr'>meminit</span> <span class='ocrx_word' id='word_1_301' title='bbox 231 3758 361 3832; x_wconf 89' lang='lat' dir='ltr'>principio</span> <span class='ocrx_word' id='word_1_302' title='bbox 385 3759 469 3816; x_wconf 80' lang='lat' dir='ltr'>exitus</span> <span class='ocrx_word' id='word_1_303' title='bbox 492 3759 588 3831; x_wconf 91' lang='lat' dir='ltr'>dignus</span> <span class='ocrx_word' id='word_1_304' title='bbox 610 3757 788 3830; x_wconf 77' lang='lat' dir='ltr'>modiumque</span> <span class='ocrx_word' id='word_1_305' title='bbox 810 3740 961 3828; x_wconf 80' lang='lat' dir='ltr'>sequetur’.</span> 
     </span>
    </p>
   </div>
   <div class='ocr_carea' id='block_1_5' title="bbox 76 3937 1154 4074">
    <p class='ocr_par' dir='ltr' id='par_1_11' title="bbox 76 3937 1154 4074">
     <span class='ocr_line' id='line_1_41' title="bbox 167 3937 1154 4005; baseline -0.008 -14"><span class='ocrx_word' id='word_1_306' title='bbox 167 3942 216 3992; x_wconf 83' lang='grc'>164</span> <span class='ocrx_word' id='word_1_307' title='bbox 234 3941 388 4005; x_wconf 83' lang='lat' dir='ltr'>merguntP</span> <span class='ocrx_word' id='word_1_308' title='bbox 403 3955 472 3990; x_wconf 85' lang='lat' dir='ltr'>corr.</span> <span class='ocrx_word' id='word_1_309' title='bbox 488 3956 507 4004; x_wconf 86' lang='lat' dir='ltr'>p</span> <span class='ocrx_word' id='word_1_310' title='bbox 579 3939 626 3989; x_wconf 87' lang='lat'>167</span> <span class='ocrx_word' id='word_1_311' title='bbox 645 3953 754 3987; x_wconf 84' lang='grc'><strong>1101111111</strong></span> <span class='ocrx_word' id='word_1_312' title='bbox 772 3939 816 3987; x_wconf 81' lang='lat' dir='ltr'>bic</span> <span class='ocrx_word' id='word_1_313' title='bbox 835 3939 959 3986; x_wconf 83' lang='grc'><strong>0111111111</strong></span> <span class='ocrx_word' id='word_1_314' title='bbox 972 3937 1002 3985; x_wconf 85' lang='lat' dir='ltr'>in</span> <span class='ocrx_word' id='word_1_315' title='bbox 1014 3937 1067 3984; x_wconf 82' lang='lat' dir='ltr'>imo</span> <span class='ocrx_word' id='word_1_316' title='bbox 1080 3949 1154 3984; x_wconf 83' lang='lat' dir='ltr'>mar-</span> 
     </span>
     <span class='ocr_line' id='line_1_42' title="bbox 76 4006 783 4074; baseline -0.003 -16"><span class='ocrx_word' id='word_1_317' title='bbox 76 4010 142 4072; x_wconf 81' lang='lat' dir='ltr'>gine</span> <span class='ocrx_word' id='word_1_318' title='bbox 159 4008 296 4074; x_wconf 74' lang='lat' dir='ltr'>suppleuit</span> <span class='ocrx_word' id='word_1_319' title='bbox 314 4009 336 4058; x_wconf 84' lang='lat' dir='ltr'><em>P</em></span> <span class='ocrx_word' id='word_1_320' title='bbox 403 4010 450 4060; x_wconf 85' lang='lat'>168</span> <span class='ocrx_word' id='word_1_321' title='bbox 470 4007 574 4058; x_wconf 86' lang='lat' dir='ltr'>necabis</span> <span class='ocrx_word' id='word_1_322' title='bbox 592 4008 623 4056; x_wconf 86' lang='lat' dir='ltr'>P:</span> <span class='ocrx_word' id='word_1_323' title='bbox 643 4006 748 4070; x_wconf 85' lang='lat' dir='ltr'>negauit</span> <span class='ocrx_word' id='word_1_324' title='bbox 764 4021 783 4071; x_wconf 83' lang='lat' dir='ltr'>p</span> 
     </span>
    </p>
   </div>
   <div class='ocr_carea' id='block_1_6' title="bbox 0 0 1332 4440">
    <p class='ocr_par' dir='ltr' id='par_1_12' title="bbox 0 0 1332 4440">
     <span class='ocr_line' id='line_1_43' title="bbox 0 0 1332 4440; baseline 0 0"><span class='ocrx_word' id='word_1_325' title='bbox 0 0 1332 4440; x_wconf 95' lang='lat' dir='ltr'> </span> 
     </span>
    </p>
   </div>
  </div>
 </body>
</html>
