2656 4440
176 234 216 293 48
660 231 766 286 PERSll

176 409 335 490 dispositae
357 408 499 488 pinguem
522 403 662 466 nebulam
684 423 823 466 vomuere
845 405 986 467 lucernae

176 504 330 575 portantes
351 492 451 565 violas,
473 491 657 570 rubrumque
680 491 814 570 amplexa
836 490 966 552 catinum

178 580 269 642 cauda
293 587 375 639 natat
396 576 512 657 thynni,
535 583 630 637 tumet
651 576 715 636 alba
737 575 834 637 fidelia
855 575 934 648 vino,

179 664 259 726 labra
283 682 383 725 moves
404 663 511 723 tacitus
532 662 716 740 recutitaque
738 660 858 722 sabbata
881 660 982 740 palles.

180 760 244 811 tum
267 749 344 827 nigri
366 750 496 809 lemures
517 765 632 826 ovoque
653 747 787 825 pericula
808 755 909 826 rupto,

178 846 242 897 tum
265 834 392 912 grandes
414 833 481 913 galli
505 842 534 892 et
556 850 622 892 cum
646 832 735 893 sistro
757 832 839 892 lusca
860 831 999 893 sacerdos

178 920 331 981 incussere
353 919 424 979 deos
446 917 577 978 inflantis
598 924 735 996 corpora,
758 917 783 978 si
805 935 867 978 non

178 1005 362 1086 praedictum
386 1012 434 1064 ter
455 1021 542 1063 mane
564 1010 654 1082 eaput
675 1001 837 1081 gustaveris
859 1001 905 1062 ali.

221 1090 330 1151 dixeris
351 1089 424 1149 haee
445 1087 524 1148 inter
546 1088 694 1148 varicosos
716 1087 919 1161 centuriones,

180 1176 325 1236 continuo
348 1190 479 1234 crassum
501 1172 579 1233 ridet
599 1172 776 1234 Pulfennius
798 1173 905 1250 iugens

179 1270 208 1321 et
230 1270 350 1322 centurn
374 1259 503 1320 Graecos
525 1265 610 1318 curto
633 1266 771 1320 centusse
793 1257 908 1319 licetur.

177 1498 300 1556 lucernas
328 1514 454 1555 accensas
482 1505 510 1555 et
530 1496 605 1553 violis
632 1504 773 1553 coronatas
795 1496 822 1552 in
844 1495 969 1554 fenestris
990 1502 1107 1570 ponunt.
1197 1493 1255 1552 182

179 1592 245 1641 tnnc
266 1583 379 1641 rubrum
401 1583 490 1648 fietile,
514 1582 587 1656 quod
609 1592 651 1638 est
666 1582 831 1646 Arretinum,
854 1583 938 1639 cauda
960 1581 1055 1656 thynni
1076 1577 1256 1653 amplectitur.

268 1671 326 1728 184
349 1669 517 1743 recutitaque
538 1665 656 1724 sabbata.
678 1667 802 1724 instituta
824 1667 983 1724 ludaeorum
998 1666 1129 1741 significat
1143 1673 1256 1739 propter

179 1754 415 1818 circumcisionem,
439 1769 519 1828 quam
541 1761 665 1818 auctores
687 1768 752 1808 suos
774 1753 860 1810 secuti
880 1751 992 1810 faciunt.
1125 1750 1184 1809 185
1207 1752 1257 1808 Le·

179 1856 269 1896 mures
303 1840 431 1896 dicuutur
464 1839 498 1894 dii
528 1855 631 1903 manes,
662 1854 730 1911 quos
753 1838 845 1894 Graeci
868 1839 1024 1912 δαίμονας
1046 1845 1159 1901 vocant,
1185 1835 1259 1893 velut

178 1925 290 1981 umbrae
312 1924 443 1999 quandam
467 1923 629 1980 divinitatem
651 1920 788 1980 habentes.
816 1923 938 1980 Lemuria
959 1922 1188 1980 autemdicuntur
1203 1922 1258 1979 dies

179 2011 288 2084 quando
311 2025 403 2065 manes
424 2009 575 2081 placantur.
719 2024 826 2082 ovoque
846 2007 966 2082 pericula
991 2015 1083 2082 rupto.
1106 2006 1258 2065 sacerdotes

181 2095 228 2169 qui
255 2092 424 2168 explorandis
452 2092 577 2167 periculis
607 2109 680 2150 sacra
702 2091 844 2159 faciebant,
868 2093 1013 2151 observare
1033 2090 1157 2149 solebant
1178 2108 1258 2148 ovum

180 2179 234 2252 igni
256 2179 419 2253 impositum,
443 2188 535 2235 utrum
558 2178 643 2252 capite
665 2194 698 2233 an
719 2179 804 2235 latere
827 2178 979 2235 desudaret.
1001 2177 1024 2234 si
1042 2186 1130 2234 autem
1147 2186 1258 2252 ruptum

180 2262 329 2328 effluxerat,
351 2262 501 2338 periculum
523 2263 547 2320 ei
570 2262 756 2337 portendebat,
779 2279 830 2338 pro
852 2280 906 2337 quo
929 2262 1028 2321 factum
1044 2261 1140 2328 fuerat,
1164 2263 1205 2320 vel
1220 2265 1259 2320 rei

180 2347 302 2405 familiari
323 2349 389 2406 eius.
501 2349 560 2407 186
584 2348 692 2406 sistrum
720 2349 873 2405 sacerdotes
895 2349 969 2406 lsidis
991 2347 1146 2424 portabant.
1183 2348 1259 2406 lusca

180 2442 278 2500 autem,
302 2436 376 2509 quod
399 2450 492 2490 omnes
514 2432 614 2491 debiles
636 2443 684 2490 aut
705 2433 839 2490 deformes
862 2450 922 2491 cum
943 2435 1054 2491 maritos
1075 2450 1132 2490 non
1146 2434 1258 2491 iuvene·

180 2519 243 2584 rint,
274 2521 307 2576 ad
334 2519 479 2577 ministeria
509 2520 621 2576 deorum
651 2536 681 2576 se
703 2519 854 2577 conferant.
897 2518 940 2577 vel
962 2520 1035 2596 quod
1059 2519 1183 2595 Aegyptii
1204 2527 1259 2576 tam

182 2605 247 2661 deos
276 2622 356 2679 quam
383 2605 536 2662 secerdotes
563 2605 596 2661 de
623 2605 752 2661 monstris
773 2603 897 2662 habeant.
1029 2607 1086 2664 187
1112 2606 1213 2670 dicunt,
1237 2604 1260 2660 si

181 2687 260 2747 alium
282 2690 363 2747 ieiuni
385 2690 559 2763 gustaverint,
583 2697 676 2747 contro
697 2698 782 2747 artem
803 2691 930 2764 magicam
951 2689 1101 2748 remedium
1122 2707 1191 2747 esse.

270 2776 328 2834 189
352 2774 374 2831 si
401 2775 467 2832 haec
495 2784 558 2831 nnte
585 2773 684 2831 stultos
711 2775 807 2832 milites
834 2776 917 2839 dicas,
946 2775 993 2849 qui
1014 2775 1104 2833 solent
1125 2775 1204 2832 etiam
1227 2776 1260 2832 de

181 2857 345 2932 sapientibus
374 2860 478 2925 ridere,
509 2868 640 2934 quantum
669 2860 803 2916 cachinnis
831 2860 989 2935 indulgeant
1010 2861 1128 2918 dicentes
1150 2869 1259 2918 centum

181 2942 357 3017 philosophos
386 2955 495 3002 centum
522 2961 646 3001 nummos
675 2961 730 3000 non
757 2945 855 3002 valere.
962 2947 1061 3004 varices
1089 2955 1153 3003 sunt
1177 2962 1260 3004 venae

181 3027 278 3084 mixtae
300 3031 388 3086 nervis
410 3030 438 3084 in
459 3028 573 3104 pedibus
596 3029 676 3087 nimio
699 3029 792 3088 labore
813 3038 957 3089 tumentes.
1086 3034 1143 3091 191
1169 3040 1258 3089 curto.

181 3121 316 3189 umquam
337 3115 612 3188 nonagintanovem.

269 3347 317 3399 183
333 3349 378 3399 nat
396 3354 420 3398 α
500 3347 623 3415 tymuif’
702 3347 861 3400 1841111111
879 3350 1042 3417 stquePpr.
1125 3350 1260 3417 18511111-

184 3411 242 3465 culo
262 3423 283 3462 α
354 3416 403 3469 186
421 3414 487 3468 Turn
506 3421 541 3466 a:
560 3414 624 3468 llinc
641 3416 666 3466 P
738 3418 865 3484 syntrof’
938 3417 1024 3470 luscra
1042 3422 1066 3467 α
1146 3418 1260 3471 1881111

183 3480 208 3530 P
222 3480 271 3534 tilli
288 3483 312 3534 B
387 3487 435 3538 190
453 3483 582 3551 pulfenins
600 3486 633 3536 P:
652 3483 772 3537 fnlfenius
791 3491 815 3535 α
886 3487 932 3538 191
953 3499 1029 3537 cnreo
1043 3490 1067 3535 α
1080 3499 1132 3536 uno
1144 3485 1262 3538 Μυία-

183 3563 235 3665 nute
255 3550 328 3603 GLK.
346 3552 391 3603 Ill
401 3569 430 3672 p.
449 3551 501 3604 410
591 3551 686 3619 ligetur
704 3559 728 3603 α
747 3558 836 3605 centus
854 3553 963 3619 eligetur
980 3552 1091 3618 Pquod
1107 3559 1260 3606 correctum

185 3631 211 3665 er
240 3620 393 3673 inconfuse
421 3621 502 3672 icetor
