2656 4440
120 243 160 302 26
196 297 198 301 ,
361 289 367 302 .
605 243 709 299 Puttslt

123 428 153 481 et
174 417 267 497 magis
288 417 398 480 auratis
418 417 555 498 pendens
577 417 764 498 laquearibus
787 417 867 480 ensis

124 522 292 584 purpureas
313 502 417 564 subter
439 503 567 564 cervices
589 503 704 575 terruit,
723 495 835 576 “imus

123 589 201 651 imus
221 581 418 669 praecipites''
444 605 530 667 quam
555 589 579 651 si
601 587 657 650 sibi
680 588 758 649 dicat
779 596 809 648 et
829 588 911 649 intus

123 674 230 755 palleat
250 673 362 748 infelix,
386 673 465 752 quod
488 673 621 753 proxima
644 673 756 735 nesciat
777 671 875 733 uxor‘l

165 777 252 838 saepe
275 759 387 832 oculos,
410 759 542 832 memini,
564 758 721 838 tangebam
742 776 852 838 parvus
873 757 959 833 olivo,

122 844 244 923 grandia
265 844 290 906 si
313 844 423 906 nollem
444 844 580 904 morituri
603 843 691 904 verba
714 843 832 905 Catonis

124 929 237 991 discere
260 939 289 990 et
310 929 416 991 insano
439 929 565 990 multum
586 928 731 991 laudanda
753 928 903 1008 magistro,

123 1033 197 1094 quae
219 1023 303 1095 pater
324 1014 458 1075 adductis
479 1014 588 1076 sudans
610 1014 725 1075 audiret
746 1013 857 1075 amicis.

126 1100 190 1162 iure
213 1099 322 1161 etenim
345 1098 374 1160 id
396 1117 554 1174 summum,
578 1098 648 1178 quid
671 1099 775 1160 dexter
796 1098 880 1160 senio
903 1099 1004 1172 ferret,

123 1185 200 1247 scire
223 1192 287 1246 erat
309 1185 338 1245 in
362 1194 440 1254 voto,
463 1185 603 1246 damnosa
625 1185 757 1247 canicula
781 1193 926 1263 quantum

123 1270 249 1343 raderet,
272 1277 414 1348 angustae
437 1270 513 1331 collo
536 1289 597 1331 non
621 1270 715 1331 fallier
737 1287 834 1343 orcae,
1176 1275 1206 1326 td

123 1375 184 1417 neu
206 1355 274 1434 quis
296 1354 429 1416 callidior
450 1355 564 1416 burum
585 1365 727 1434 torquere
748 1354 873 1435 flagello.

124 1509 252 1575 tionibus,
277 1527 338 1567 cum
360 1528 389 1567 se
414 1511 500 1586 decipi
521 1510 682 1583 intellegunt
704 1526 754 1566 nec
776 1518 864 1566 tamen
886 1509 1060 1580 corriguntur
1082 1513 1110 1564 et
1130 1504 1203 1580 apud

124 1613 154 1653 se
175 1596 212 1653 ita
233 1606 411 1669 murmurant,
433 1605 465 1652 ut
488 1613 537 1653 nec
557 1595 687 1652 uxoribus
710 1595 827 1657 credant,
851 1601 883 1651 ut
903 1603 1037 1651 secretum
1059 1608 1156 1649 eorum
1172 1606 1206 1648 ea

124 1681 236 1754 nesciat,
259 1697 328 1755 quae
348 1681 417 1737 scire
440 1678 591 1738 debuerat?
694 1682 734 1737 44
756 1680 862 1749 merito,
885 1678 980 1753 inquit,
1003 1676 1065 1734 mihi
1089 1676 1205 1751 lippitu-

126 1765 216 1822 dinem
237 1765 414 1836 accersebam,
439 1783 473 1822 ne
495 1766 603 1822 Catonis
618 1763 815 1821 deliberativam
829 1765 977 1829 recitarem,
1001 1772 1094 1820 utrum
1108 1778 1204 1818 more-

125 1860 201 1907 retur
222 1867 256 1906 an
279 1868 344 1924 non,
366 1861 414 1908 aut
435 1850 532 1925 quibus
553 1849 641 1907 verbis
655 1849 696 1905 uti
710 1849 809 1924 potuit,
832 1865 895 1905 cum
910 1865 940 1905 se
955 1848 1102 1905 destinaret
1115 1848 1205 1904 inter·

127 1936 217 1993 ficere.
283 1936 354 1993 oculi
376 1945 465 1992 antem
487 1935 547 1992 oleo
570 1936 633 1992 tacti
647 1934 876 2008 perturbabantur
897 1934 930 1991 ad
951 1942 1066 2007 tempus,
1089 1940 1121 1989 ut
1143 1942 1207 1989 tur-

125 2021 193 2078 batis
216 2021 301 2077 oculis
322 2022 354 2077 ad
377 2021 496 2077 scholam
519 2036 574 2076 non
597 2021 657 2076 iret.
745 2021 784 2077 46
808 2036 864 2076 non
887 2035 952 2075 sano
967 2035 1003 2074 m.
1020 2017 1038 2073 l.
1054 2035 1091 2074 m.
1114 2017 1142 2074 id
1165 2023 1207 2073 est

126 2106 204 2161 nimis
232 2122 313 2170 sano,
344 2115 376 2162 ut
405 2114 446 2162 est
473 2105 539 2162 illud
562 2104 670 2178 Vergilii
698 2101 777 2179 [dea.
802 2107 830 2176 3,
853 2101 926 2178 443]
953 2093 1085 2159 ‘insanam
1117 2110 1206 2159 ratem

127 2177 253 2264 aspicies’
289 2207 339 2264 pro
368 2189 444 2247 valde
471 2207 570 2246 sanam.
621 2199 668 2247 aut
697 2200 770 2246 certe
798 2190 908 2254 insano,
939 2189 984 2263 qui
1011 2187 1207 2262 discipulorum

124 2292 238 2332 suorum
260 2276 375 2331 carmina
397 2275 537 2341 laudabat,
562 2292 623 2331 cum
645 2275 758 2332 aliorum
782 2274 930 2332 debuerant
951 2273 1050 2330 iudicio
1073 2289 1205 2347 compro·

125 2359 193 2417 bari.
280 2362 320 2419 48
344 2361 467 2417 dextrum
488 2361 627 2418 senionem
649 2361 712 2417 dicit
734 2360 891 2435 propitium,
914 2360 976 2433 quia
997 2358 1025 2414 in
1046 2358 1118 2415 iactu
1132 2358 1206 2415 talo·

125 2463 186 2503 rum
207 2463 314 2520 semper
336 2445 400 2502 boni
422 2446 520 2520 aliquid
544 2445 631 2502 allent.
654 2453 701 2502 aut
722 2445 797 2502 senio
818 2447 904 2501 maior
925 2444 1031 2500 missus.
1053 2450 1085 2500 ut
1098 2460 1203 2500 scaeva.

209 2531 256 2587 tali
277 2532 306 2588 ln
327 2531 380 2588 hoc
401 2531 462 2588 loco
486 2541 540 2588 tres
570 2541 685 2589 tesserae
714 2540 777 2587 sunt
807 2546 950 2587 numerum
979 2529 1138 2603 impressum
1161 2537 1207 2586 te·

127 2626 222 2674 nentes
243 2617 272 2673 in
293 2616 360 2673 alea.
389 2618 464 2673 senio
486 2627 577 2674 autem
603 2627 630 2674 et
660 2615 780 2674 canicula
803 2626 830 2672 et
852 2615 942 2672 Venus
964 2614 1073 2688 propria
1094 2615 1207 2671 nomina

124 2703 209 2759 iactus
232 2711 394 2759 tesserarum
416 2711 490 2759 suut.
527 2701 602 2759 verbi
624 2703 718 2776 gratia,
743 2701 807 2757 dum
830 2709 884 2758 tres
906 2700 964 2756 seni
986 2699 1156 2772 proveniunt,
1182 2700 1205 2756 is

126 2788 212 2843 iactus
235 2788 310 2843 senio
333 2795 383 2843 est.
428 2789 454 2842 in
477 2804 531 2861 quo
557 2787 706 2843 notandum
734 2786 796 2860 quia
823 2786 959 2843 interdum
988 2785 1067 2840 etiarn
1095 2792 1137 2841 cst
1164 2785 1207 2841 si-

127 2872 220 2927 nister.
265 2871 328 2926 dum
351 2888 413 2927 vero
437 2881 491 2928 tres
514 2872 576 2937 uni,
603 2871 731 2928 canicula.
776 2871 863 2927 Venus
891 2882 995 2936 autem,
1026 2870 1090 2925 dum
1117 2869 1206 2926 iaetus

124 2955 197 3011 iuxta
218 2956 350 3012 rationem
371 2958 477 3012 numeri
498 2957 599 3030 optime
622 2962 812 3018 conectuntur,
836 2971 916 3028 quam
939 2955 1114 3010 conexionem
1136 2955 1204 3011 unio

126 3040 151 3095 id
175 3049 217 3096 est
238 3039 356 3097 canicula
378 3042 406 3096 in
427 3041 481 3098 fine
503 3040 608 3098 tabulae
631 3039 738 3096 ellicere
759 3039 837 3095 solet.
945 3042 984 3097 49
1009 3039 1129 3096 canicula
1152 3056 1205 3113 pro

127 3141 208 3190 cane,
240 3142 309 3200 quae
337 3126 364 3181 in
393 3127 501 3184 calculis
531 3142 563 3180 er
590 3126 663 3181 omni
691 3123 762 3180 iactu
791 3124 907 3181 talorum
936 3125 1054 3198 quinque
1076 3124 1204 3191 detrahit,

126 3221 235 3285 excepta
256 3211 376 3280 Venere,
404 3212 432 3267 in
461 3227 514 3285 qua
535 3208 593 3266 sola
615 3210 735 3282 prodest.
780 3209 900 3266 canicula
922 3227 1007 3283 genus
1030 3209 1102 3266 aleae
1124 3211 1204 3284 quod

126 3296 160 3352 de
182 3313 295 3353 numero
318 3295 438 3370 quinque
462 3294 613 3351 subtrahat.
701 3297 739 3352 50
763 3293 833 3351 collo
863 3297 1007 3369 amphorae
1036 3311 1067 3351 ex
1094 3295 1206 3353 distanti

126 3380 188 3438 loco
211 3383 247 3439 alt
268 3398 350 3438 nuces
373 3382 486 3442 mittere,
509 3388 542 3435 ut
562 3397 656 3436 manus
679 3396 733 3436 non
750 3389 831 3436 erret.
855 3381 901 3455 qui
916 3381 995 3437 ludus
1010 3379 1111 3454 ubique
1126 3379 1203 3437 cele-

125 3464 229 3523 bratur.
252 3467 288 3523 ita
310 3474 435 3540 praestat,
458 3481 519 3520 curn
542 3473 615 3521 extra
630 3465 730 3521 collum
743 3466 838 3522 missas
855 3483 936 3522 nuces
952 3465 1069 3538 colligat.
1134 3464 1202 3522 ludo

126 3567 226 3607 nucum
248 3567 326 3608 orcae
349 3550 447 3607 collum
474 3550 598 3623 ponitur,
629 3560 656 3608 et
685 3552 731 3625 qui
763 3561 836 3608 certo
866 3552 937 3608 iactu
964 3551 1024 3607 iacit
1049 3551 1076 3606 in
1105 3550 1204 3608 eodem

127 3635 206 3701 collo,
232 3637 315 3694 victor
336 3635 433 3692 existit.

211 3802 244 3851 45
263 3799 386 3850 morituro
405 3798 481 3850 uerba
500 3797 586 3850 catoni
604 3798 728 3850 Dicerel’
793 3802 827 3852 46
839 3803 865 3851 et
876 3799 968 3850 insano
981 3806 1017 3850 a:
1039 3814 1090 3850 nou
1104 3814 1168 3851 sano
1181 3801 1208 3850 P

214 3869 246 3921 48
266 3881 366 3918 summo
385 3871 410 3916 et
432 3867 514 3918 leruet
533 3874 568 3917 a:
594 3882 720 3918 summum
745 3871 772 3917 et
794 3869 872 3919 ferret
896 3871 976 3918 etiam
994 3870 1150 3920 Priscianus
1169 3868 1204 3919 de

128 3933 175 4000 fig.
193 3951 266 3987 num.
284 3935 300 3985 7
320 3933 399 3989 GLK.
417 3935 462 3986 111
474 3952 500 4001 p.
520 3937 570 3987 415
640 3938 671 3988 50
685 3934 794 3988 Raderet
811 3942 838 3988 et
855 3941 979 4002 angustae
999 3937 1021 3987 P
1087 3939 1117 3989 51
1138 3936 1202 3989 call·

99 4003 190 4054 ,duor
209 4011 232 4055 α
284 4007 430 4068 torquaeret
449 4011 472 4055 ot
