2656 4440
120 251 161 309 82
570 253 745 306 lVVENALlS

121 424 233 486 extollit
255 426 393 502 quotiens
414 426 506 485 voluit
528 424 660 485 Fortuna
682 425 783 485 iocari.

122 511 192 588 qnid
215 509 326 570 Rornae
349 508 477 571 laciaml
500 511 620 570 mentiri
643 510 761 583 nesci0;
784 510 901 581 librum,

121 596 145 655 si
167 595 262 655 malus
285 604 337 665 est,
361 614 478 673 nequeo
501 596 620 656 laudare
643 603 673 654 et
694 613 833 673 poscere;
856 604 955 656 motus

121 689 269 740 astrorum
292 681 414 759 ignoro;
437 682 527 742 lunus
550 680 724 758 promittere
747 680 839 758 patris

122 784 177 825 nec
199 765 265 825 volo
289 785 344 826 nec
368 784 504 844 possum;
528 783 667 825 ranarum
690 765 801 825 viscera
826 782 988 843 numquam

121 850 252 930 inspexi3
275 851 354 911 ferre
377 850 412 910 ad
437 860 560 929 nuptam
583 868 659 927 quae
681 850 771 910 mittit
793 849 916 921 adulter,

121 953 196 1014 quae
219 936 347 1006 mandat,
371 944 484 996 norunt
506 936 570 1009 alii;
593 954 641 995 me
664 953 752 995 nemo
775 935 911 994 ministro

121 1022 169 1081 lur
191 1020 256 1090 erit,
279 1029 368 1099 atque
392 1020 457 1081 ideo
482 1020 555 1080 nulli
579 1038 679 1080 comes
701 1039 773 1080 exeo
797 1029 945 1097 tamquam

120 1124 245 1165 mancus
267 1114 296 1166 et
319 1106 476 1176 extinctae,
499 1124 608 1184 corpus
631 1125 692 1165 non
717 1105 797 1175 utile,
820 1104 949 1164 dextrae.

123 1191 189 1270 quis
213 1209 294 1251 nuno
316 1190 447 1269 diligitur
470 1191 526 1251 nisi
549 1191 689 1251 conscius
711 1199 741 1250 et
762 1189 810 1250 cui
832 1190 950 1250 lervens

121 1284 234 1337 aestuat
258 1275 382 1336 occultis
404 1277 521 1337 animus
542 1294 720 1354 semperque
742 1272 896 1335 tacendis?

123 1361 164 1421 nil
185 1361 237 1421 tibi
261 1380 292 1421 se
315 1360 425 1421 debere
447 1369 539 1440 putat,
563 1361 605 1421 nil
628 1361 764 1420 conferet
786 1378 936 1437 umquam,

121 1446 296 1525 participem
318 1446 369 1524 qui
392 1455 421 1505 te
444 1446 552 1506 secreti
574 1445 644 1505 lecit
665 1444 799 1505 honesti:

121 1550 207 1591 carus
230 1531 286 1590 erit
307 1530 400 1601 Verri,
427 1531 478 1608 qui
501 1530 623 1591 Verrem
645 1539 780 1608 tempore
804 1548 863 1607 qun
884 1530 947 1589 vult

121 1633 260 1676 accusare
282 1623 389 1694 potest.
432 1615 507 1675 tanti
529 1615 583 1675 tibi
607 1633 667 1675 non
690 1615 729 1675 sit
750 1615 835 1692 opaci

122 1701 220 1761 omnis
241 1700 351 1760 harena
373 1700 445 1779 Tagi
468 1700 608 1778 quodque
630 1700 660 1759 in
684 1717 765 1759 mare
788 1699 914 1759 volvitur
935 1717 1050 1770 aurum,
1164 1711 1193 1759 55

122 1795 155 1846 ut
176 1803 282 1845 somno
305 1804 405 1853 careas
427 1785 625 1863 ponendaque
648 1785 780 1863 praemia
799 1802 898 1845 sumas

122 1870 214 1932 tristis
236 1880 265 1931 et
287 1890 303 1929 a
325 1889 434 1948 magno
456 1888 575 1948 sempor
596 1870 726 1930 timearis
748 1870 853 1930 amico.

165 1974 241 2034 quae
264 1974 347 2015 nuno
369 1953 507 2016 divitibus
529 1973 603 2034 gens
625 1955 829 2033 acceptissima
852 1954 971 2025 nostrie,

123 2051 151 2102 et
174 2059 249 2118 quos
270 2040 431 2120 praecipue
454 2040 573 2118 fugiam,
596 2038 764 2118 properabo
787 2040 882 2111 lateri,

122 2145 178 2186 nec
200 2124 297 2203 pudor
319 2124 455 2203 opstabit.
495 2143 555 2185 non
579 2143 700 2203 possum
724 2126 812 2197 ferre,
836 2123 975 2194 Quirites,

122 2228 256 2290 graecam
280 2208 401 2280 urbem;
425 2210 558 2287 quamvis
580 2220 670 2287 quota
692 2210 790 2288 portio
813 2210 902 2269 faecis
924 2206 1057 2269 Achaei?

123 2297 179 2356 iarn
203 2295 318 2374 pridem
342 2294 435 2375 Syrus
457 2294 487 2354 in
512 2294 642 2355 Tiberim
665 2294 786 2355 delinxit
808 2294 938 2354 Orontes

122 2391 151 2441 et
173 2381 304 2460 linguam
328 2389 357 2440 et
380 2397 478 2440 mores
501 2388 620 2440 etcum
644 2378 766 2440 tibicine
788 2378 913 2439 chordas

122 2465 257 2544 obliquas
279 2483 335 2525 nec
358 2484 418 2525 non
442 2465 563 2544 gentilia
584 2476 724 2545 tympana
747 2482 847 2525 secum

121 2552 200 2612 vexit
222 2561 252 2612 et
274 2551 308 2610 ad
332 2550 445 2611 circum
468 2550 563 2611 iussas
584 2558 718 2629 prostare
741 2549 862 2628 puellas.

122 2637 172 2707 ite,
195 2635 303 2715 quibus
325 2645 408 2714 grata
431 2644 476 2696 est
497 2636 576 2714 picta
598 2635 667 2714 lupa
689 2635 814 2694 barbara
836 2633 939 2693 mitra:

122 2722 250 2783 rusticus
273 2720 321 2781 ille
343 2731 412 2781 tuus
433 2721 523 2781 sumit
544 2720 747 2798 trechedipna‚
770 2718 905 2790 Quirine,

208 2920 246 2976 43
270 2916 311 2971 his
332 2915 379 2988 qni
400 2914 451 2971 sub
473 2931 567 2971 severo
590 2924 666 2989 patre
685 2924 795 2989 agentes
817 2918 849 2973 de
865 2925 952 2973 morte
968 2914 1051 2990 ipsius
1067 2914 1196 2988 cogitant.

208 3004 246 3058 45
262 2998 425 3056 lenocinium
437 3016 561 3056 exercere
575 3017 630 3056 non
647 3018 767 3074 possum.
854 3003 894 3059 46
912 3018 966 3057 non
983 3017 1093 3075 possum
1108 3017 1197 3054 asses-

121 3106 167 3145 sor
183 3103 241 3144 esse
257 3085 324 3142 iuris
338 3084 442 3141 iudicis.
460 3084 528 3141 bene
543 3084 641 3142 adlusit
655 3085 687 3143 de
702 3085 897 3144 consiliaribus.
985 3089 1024 3145 54
1041 3083 1139 3148 nullae,
1156 3085 1199 3140 in-

122 3174 190 3249 quit,
205 3172 308 3228 divitiae
320 3170 387 3228 tanti
400 3170 447 3227 tibi
458 3170 520 3232 sinti
537 3178 568 3226 ut
583 3188 644 3227 cum
660 3171 726 3227 mala
741 3172 903 3229 conscientia
918 3171 1078 3228 habeantur.
1157 3172 1196 3228 56

122 3261 195 3334 quod
218 3258 353 3333 deponere
375 3255 480 3317 debeas.
502 3256 530 3312 id
552 3265 593 3314 est
614 3255 719 3314 abicere
742 3266 769 3313 et
791 3256 942 3330 neglegere.
1044 3257 1083 3312 60
1107 3253 1198 3311 excla-

120 3346 211 3403 matio.
231 3334 328 3419 ‘porro
358 3328 495 3412 Quirites’.
605 3343 644 3400 62
668 3341 764 3400 lluvius
786 3343 814 3398 in
837 3341 976 3398 Antiochia
999 3341 1120 3401 civitate,
1149 3357 1199 3413 per

122 3449 201 3507 quem
223 3430 306 3505 Syros
334 3427 473 3502 signifieat.
500 3436 532 3485 ut
554 3428 627 3502 Virg.
650 3425 730 3501 [dea.
754 3431 781 3490 8.
807 3424 878 3499 728]
902 3421 946 3481 ‘et
973 3433 1085 3498 pontem
1106 3425 1200 3498 indig-

122 3526 201 3573 natus
223 3509 344 3573 Araxes’.
454 3515 492 3570 67
516 3530 578 3570 ecee
600 3515 626 3568 in
650 3524 778 3588 qnantum
800 3509 911 3568 Romani
932 3508 1025 3566 rustici
1047 3508 1200 3567 didicerunt

122 3601 262 3669 immriam,
285 3609 313 3658 et
333 3599 473 3674 palaestris
495 3599 535 3654 uti
557 3608 584 3655 et
604 3599 773 3674 phylacteriis
794 3606 826 3653 ut
847 3594 960 3650 athletae
979 3594 1012 3650 ad
1027 3595 1196 3652 vincendum.

121 3688 278 3744 vestimenta
305 3684 461 3759 parasitica,
492 3682 533 3739 vel
555 3682 692 3757 galliculas
713 3697 820 3757 graecas
849 3680 1015 3736 currentium
1037 3681 1071 3736 ad
1094 3697 1197 3738 cenam.

209 3879 241 3928 lo
260 3875 339 3927 locari
360 3877 381 3926 P
464 3877 496 3928 48
515 3873 640 3926 exstincta
659 3877 684 3922 et
701 3870 789 3921 dextra
808 3871 929 3920 Eremita
1027 3873 1058 3924 58
1079 3885 1145 3921 nunc
1165 3870 1195 3918 I’:

124 3960 175 3996 non
191 3960 208 4009 p
330 3946 361 3996 61
383 3944 471 3996 achaei
491 3951 521 3994 ω
540 3940 621 3993 schol.
639 3940 745 3990 Lucano·
762 3939 778 3989 I
793 3938 858 3992 284:
877 3940 987 3992 achaeae
1006 3940 1089 3990 Psed
1105 3953 1197 4002 saeper-

122 4015 252 4078 serz'ptum
270 4011 353 4063 achiui
