2656 4440
141 248 181 306 98
592 248 767 302 lVVENALlS

139 431 173 481 ut
195 421 292 499 cessit,
316 421 392 482 facili
415 428 578 500 patuerunt
600 421 721 482 cardine
743 422 855 497 valvae3

140 507 250 567 exclusi
273 515 409 586 spectant
431 505 556 567 admissa
579 506 705 568 obsonia
728 517 836 587 patres.

139 592 198 653 itur
220 592 256 651 ad
279 591 412 652 Atriden.
456 600 520 653 tum
544 591 651 653 Picens
670 585 799 672 ‘accipe‘
825 592 898 653 dixit

135 669 270 756 ‘privatis
292 677 402 737 maiora
425 676 509 737 locis.
554 677 678 755 genialis
700 687 804 755 agatur

137 762 192 823 iste
215 761 286 834 dies,
309 780 438 841 propera
460 764 646 823 stomachum
668 763 765 822 laxare
787 762 889 841 sagina

138 857 167 909 et
188 855 238 908 tua
260 856 406 908 servatum
429 865 574 908 consume
596 847 626 907 in
651 847 766 908 saecula
789 847 958 909 rhombum.

136 934 199 1013 ipse
223 933 288 1012 capi
310 925 420 992 voluit?
467 932 537 1010 quid
561 931 716 1011 apertius‘.l
739 941 888 994 ettamen
912 933 953 994 illi

137 1019 299 1098 surgebant
322 1018 444 1091 cristae;
468 1016 542 1077 nibil
564 1026 609 1078 est
632 1019 711 1096 quod
734 1019 857 1079 credere
879 1018 915 1080 de
937 1037 969 1079 se
1181 1032 1209 1081 'tu

136 1123 197 1164 non
222 1103 315 1182 possit
337 1121 404 1163 cum
428 1101 566 1162 laudatur
587 1102 632 1164 dis
654 1121 748 1182 aequa
769 1112 909 1182 potestas.

135 1189 185 1250 sed
209 1189 293 1249 derat
313 1187 388 1267 pisci
411 1186 528 1267 patinae
551 1206 701 1249 mensura.
744 1197 890 1249 vocantur

135 1292 207 1352 ergo
230 1275 261 1334 in
285 1273 441 1334 consilium
463 1291 615 1351 proceres,
638 1292 714 1352 quos
737 1275 840 1334 oderat
861 1273 919 1341 ille,

136 1359 167 1419 iu
191 1376 318 1438 quorum
340 1357 416 1418 facie
438 1359 564 1418 miserae
586 1376 770 1437 magnaeque
793 1358 914 1421 sedebat

134 1444 230 1522 pallor
252 1443 406 1504 amicitiae.
449 1442 566 1547 primus
588 1444 735 1504 clamante
757 1444 891 1505 Liburno

131 1522 268 1601 ‘currite
291 1529 348 1588 iam
371 1527 447 1590 sedit
486 1537 568 1607 rapta
592 1529 772 1608 properabat
793 1529 889 1590 abolla

133 1614 272 1693 Pegasus,
295 1613 437 1674 attonitae
459 1614 574 1693 positus
597 1616 686 1675 modo
707 1615 811 1675 vilicus
833 1614 910 1675 urbi.

117 1717 212 1759 ⁴anne
235 1698 313 1759 aliud
335 1708 398 1759 tum
422 1696 587 1778 praelecti?
614 1718 748 1778 quorum·
765 1699 894 1779 optimus
915 1707 1004 1776 atque

133 1784 282 1863 interpres
303 1785 401 1862 legum
426 1784 630 1845 sanctissimus
653 1785 751 1845 omnia
775 1803 954 1864 quamquam

132 1869 318 1947 temporibus
340 1869 411 1930 diris
432 1869 583 1931 tractanda
607 1870 730 1948 putabat
752 1871 858 1930 inermi
1180 1879 1209 1929 ab

132 1955 252 2016 iustitia.
297 1954 378 2014 venit
399 1963 429 2014 et
452 1953 546 2032 Crispi
570 1955 696 2016 iucunda
719 1963 868 2025 senectus

130 2092 162 2131 er
192 2074 266 2130 libris
292 2074 426 2148 Sibyllinis
456 2075 521 2131 iussi
550 2075 690 2148 pontifices
721 2093 752 2133 ex
780 2076 828 2132 SC.
853 2075 937 2132 Albae
965 2089 1039 2130 sacra
1069 2091 1207 2132 renovare.

130 2168 202 2217 tanta
226 2160 296 2216 euim
317 2168 444 2234 repente,
475 2176 536 2216 cum
559 2177 589 2217 ea
612 2158 712 2217 vellent
734 2162 894 2225 transferre,
917 2159 1020 2234 grando
1043 2159 1155 2229 cecidit,
1179 2169 1208 2216 ut

129 2244 316 2318 intellegerent
343 2245 398 2300 suis
426 2245 493 2301 locis
522 2261 595 2301 sacra
618 2263 673 2302 non
696 2263 754 2303 esse
776 2246 916 2302 movenda.
937 2245 1000 2302 inde
1021 2243 1058 2299 ibi
1079 2262 1207 2317 perseve-

129 2339 200 2386 rant.
222 2330 281 2387 ideo
305 2338 333 2387 et
346 2329 452 2387 Vestam
474 2329 606 2387 minorem
628 2331 693 2387 dixit
714 2331 746 2387 ad
769 2330 1001 2404 compositionem.
1090 2332 1127 2387 65
1149 2330 1208 2403 pis-

128 2424 204 2472 cator
225 2416 258 2472 de
282 2416 417 2490 provincia
438 2413 484 2473 ubi
505 2416 585 2490 piscis
607 2415 695 2473 luerat
716 2425 820 2491 captus.
951 2418 990 2473 67
1014 2414 1142 2487 saginam.
1165 2415 1207 2470 alii

127 2501 240 2575 sagittis,
267 2511 298 2558 ut
320 2501 355 2557 sit
376 2517 473 2558 sensus
495 2502 580 2558 acutis
603 2502 675 2558 curis
696 2502 738 2559 vel
760 2500 951 2558 exercitatione
974 2499 1140 2572 sagittarum.
1164 2501 1206 2556 di·

127 2586 243 2659 gestioni
265 2586 353 2662 inquit
374 2595 401 2643 et
422 2586 529 2643 harenis
551 2586 649 2660 quibus
672 2586 770 2644 vectari
784 2585 857 2643 illum
875 2584 973 2644 debere
988 2586 1050 2642 dicit
1064 2582 1100 2640 ob
1116 2584 1205 2642 cibum

124 2670 258 2728 futurum.
280 2671 380 2745 legitur
401 2679 429 2728 et
449 2672 559 2745 saginis,
580 2672 609 2729 id
630 2679 671 2729 est
692 2672 760 2728 escis
781 2671 881 2729 futuris
901 2671 1030 2728 stomachi
1043 2670 1205 2742 indigestum

126 2772 296 2830 praeparare.
384 2757 423 2814 69
448 2755 496 2811 hac
518 2755 597 2812 laude
618 2756 814 2814 intumescebat
834 2757 980 2831 imperator
995 2755 1114 2829 quamvis
1129 2753 1205 2812 ialsa.

213 2838 406 2899 mumolane
429 2839 567 2898 amicitiae.
592 2840 684 2897 Cicero
700 2835 806 2898 ‘nullae
828 2849 893 2899 sunt
914 2841 1075 2898 occultiores
1096 2839 1205 2897 insidiae

125 2941 206 2998 quam
228 2940 297 2998 quae
319 2922 403 2980 latent
423 2923 450 2978 in
473 2922 641 2982 simulatione
664 2921 766 2982 ollicii'.
853 2926 983 2983 clamante
1004 2924 1134 2981 Liburno.
1157 2925 1204 2998 qui

124 3008 331 3066 admissionibns
353 3017 486 3082 praeerat.
593 3013 630 3067 tt
655 3010 774 3084 Pegasus
794 3009 866 3067 filius
888 3009 1042 3075 trierarchi,
1072 3026 1105 3066 ex
1126 3010 1203 3065 cuius

124 3092 248 3151 liburnae
276 3109 414 3167 parasemo
444 3109 542 3149 nomen
570 3094 686 3168 accepit,
717 3096 782 3152 iuris
811 3096 901 3153 studio
924 3095 1035 3168 gloriam
1057 3095 1202 3152 memoriae

125 3181 230 3245 meruit,
253 3187 285 3236 ut
306 3179 375 3235 liber
397 3176 488 3253 vulgo,
510 3194 565 3235 non
587 3179 669 3235 homo
692 3180 837 3238 diceretur.
859 3181 902 3238 bic
923 3179 1033 3236 iunctus
1056 3180 1128 3234 omni
1151 3180 1202 3234 ho·

124 3283 191 3322 nore
213 3282 274 3322 cum
295 3264 441 3338 provinciis
463 3264 584 3338 plurimis
606 3262 775 3338 praefuisset,
797 3263 872 3321 urbis
894 3280 984 3322 curam
1000 3262 1200 3319 administravit.

123 3349 186 3407 hinc
207 3360 248 3407 est
262 3350 437 3423 Pegasianum
451 3348 502 3405 SC.
588 3349 682 3406 vilicus
705 3349 775 3406 urbi.
791 3350 927 3422 eleganter
941 3345 992 3404 sub
1007 3348 1113 3404 Nerone
1126 3346 1200 3404 urbis

122 3435 318 3510 praefecturam
340 3435 453 3492 iacuisse
476 3434 548 3491 dicit.
679 3436 718 3493 80
742 3450 903 3508 quamquam
926 3433 1043 3506 optimus
1065 3439 1121 3489 tum
1148 3450 1199 3506 pro

122 3529 246 3595 tempore
268 3519 356 3577 omnia
377 3519 475 3576 iniuste
496 3520 600 3593 agenda
621 3518 754 3577 credebat.
849 3520 884 3578 81
911 3518 1035 3575 Lucanus
1057 3515 1097 3593 [8‚
1123 3516 1198 3593 476]

117 3595 276 3680 ‘fractisque
297 3605 445 3662 modestior
465 3599 563 3662 annis'.
649 3604 757 3679 Crispus
779 3604 918 3677 municeps
933 3601 1107 3661 Vercellensis
1129 3603 1199 3659 tiro-

208 3739 240 3789 63
259 3736 291 3788 ut
310 3735 424 3802 cessitp
517 3737 549 3788 d'l
569 3734 658 3801 sagina
676 3735 822 3786 Buecheler
839 3739 865 3784 et
885 3733 1024 3786 Weidner:
1043 3733 1159 3798 saginam
1177 3734 1201 3784 P

121 3805 218 3870 saginis
244 3805 322 3871 δρα)
346 3803 449 3870 sagittis
473 3803 493 3855 S
515 3803 620 3869 saginae
644 3803 757 3854 Iahnius
780 3802 816 3865 cf.
840 3803 971 3870 Cypriani
995 3804 1093 3868 heptat.
1115 3799 1196 3852 Num.

119 3874 171 3924 355
188 3873 256 3925 laeta
275 3877 379 3925 uentres
397 3873 484 3923 laxare
502 3873 590 3937 sagina
696 3876 726 3924 tt
746 3873 848 3936 possint
866 3874 890 3922 P
904 3872 951 3922 ssd
969 3887 985 3922 n
1003 3874 1139 3937 expuncta
1159 3873 1197 3917 eat

206 3955 304 4007 aequa·
323 3943 347 3992 Ρ
430 3942 462 3992 ta
481 3940 586 3991 delebat
603 3939 774 3992 Heinricbiur
860 3945 921 3992 tunc
939 3947 970 3991 w
1057 3940 1089 3990 te
1108 3950 1196 4003 quam-

119 4022 170 4075 que
190 4009 220 4060 P:
239 4008 281 4059 uel
300 4023 488 4076 quamquamp
