2656 4440
120 220 161 281 72
569 219 745 274 IVVENALIS

120 394 193 455 haec
215 395 314 454 animo
338 402 406 454 ante
427 393 523 465 tubas,
547 392 692 472 galeatum
716 410 783 454 sero
806 392 895 453 duelli

121 469 270 559 paenitet?
297 478 432 557 experiar
454 477 525 556 quid
548 477 729 538 concedatur
752 478 781 538 in
805 477 871 539 illos
1152 490 1193 539 tto

122 582 249 643 quorum
273 563 416 624 Flaminia
439 563 548 642 tegitur
571 563 644 626 cinis
667 571 754 642 atque
777 563 888 623 Latina.

574 847 706 900 SATVRA
723 847 744 900 ll

121 953 202 1014 Vltra
225 953 414 1014 Sauromatas
436 953 540 1031 lugere
563 953 634 1013 hinc
656 952 730 1014 libet
751 961 780 1013 ct
801 953 952 1031 glacialem

123 1039 285 1112 Oceanum,
309 1037 449 1116 quotiens
471 1037 580 1116 aliquid
604 1038 641 1098 de
663 1037 797 1099 moribus
818 1038 929 1099 audent

121 1124 171 1202 qui
195 1123 300 1185 Curios
322 1123 461 1184 simulant
484 1131 512 1183 et
534 1122 726 1183 Bacchanalia
748 1123 859 1185 vivunt.

120 1208 233 1269 indocti
255 1209 394 1287 primum,
418 1226 596 1286 quamquam
619 1209 707 1287 plena
730 1209 830 1269 omnia
852 1226 945 1288 gypso

121 1293 278 1373 Chrysippi
300 1293 448 1367 invenias;
472 1311 540 1353 narn
562 1293 794 1372 perfectissimus
816 1293 933 1368 horum,

121 1380 146 1440 si
169 1379 235 1458 quis
258 1378 436 1439 Aristotelen
460 1378 585 1440 similem
608 1378 653 1440 vel
675 1379 811 1439 Pittacon
835 1379 906 1439 emit

121 1472 151 1524 et
173 1464 254 1524 iubet
277 1463 453 1543 archetypos
475 1463 609 1542 pluteum
632 1482 748 1525 servare
771 1463 936 1525 Cleanthas.

121 1549 228 1609 frontis
251 1547 332 1610 nulla
354 1550 442 1623 fidcs3
466 1549 532 1626 quis
555 1549 635 1609 enim
658 1567 719 1609 non
743 1549 824 1610 vicus
847 1548 977 1610 abundat

120 1633 256 1694 tristibus
279 1631 459 1694 obscaenis?
482 1633 606 1712 castigas
628 1634 735 1713 turpia,
759 1634 889 1694 cumeis

121 1718 200 1778 inter
223 1718 390 1779 Socraticos
412 1718 564 1779 notissima
585 1719 665 1779 fossa
688 1717 849 1780 cinaedos?
1168 1726 1195 1776 10

121 1802 237 1882 hispida
260 1803 393 1864 membra
416 1803 535 1881 quidem
559 1811 588 1864 et
610 1802 701 1863 durae
723 1822 777 1881 per
800 1803 937 1864 bracchia
960 1813 1057 1865 saetae

121 1889 302 1968 promittunt
323 1896 453 1949 atrocem
476 1889 617 1962 animum,
641 1888 691 1948 scd
714 1889 820 1967 podice
843 1888 899 1949 levi

123 1974 288 2035 caeduntur
310 1973 439 2034 tumidae
462 1973 577 2033 medico
600 1972 715 2032 ridente
738 1974 890 2034 mariscae.

122 2076 208 2119 rarus
231 2077 329 2119 sermo
352 2056 409 2119 illis
432 2065 461 2117 et
482 2075 588 2136 magna
611 2056 701 2118 libido
724 2058 842 2119 tacendi

122 2151 210 2220 atque
233 2141 392 2223 supercilio
415 2141 533 2203 brevior
555 2161 649 2203 coma.
694 2143 791 2204 verius
814 2161 885 2223 ergo

123 2235 151 2288 et
174 2228 266 2306 magis
289 2227 419 2306 ingenue
441 2226 644 2303 Peribomius3
667 2227 748 2289 huno
771 2247 826 2308 ego
849 2228 916 2290 latis

122 2400 270 2457 lacessitus.
302 2399 375 2474 Virg.
399 2398 479 2474 [Aeo.
503 2402 531 2465 2,
556 2399 607 2474 97]
627 2389 702 2456 ‘hinc
724 2401 788 2457 mihi
810 2401 897 2474 prima
918 2399 980 2456 mali
1003 2384 1097 2455 iahed.

211 2488 269 2545 169
298 2486 375 2543 tarde
402 2486 522 2561 paenitet
545 2486 671 2542 indixisse
698 2485 814 2550 bellum,
849 2503 910 2541 cum
935 2485 986 2541 iam
1008 2500 1098 2559 pugna
1122 2500 1197 2539 oom-

121 2572 201 2628 missa
222 2571 266 2629 sit.
356 2575 412 2629 171
438 2571 495 2628 riae
516 2571 543 2627 in
566 2570 663 2646 quihus
686 2570 790 2627 nobiles
812 2570 1022 2645 sepeliebantur.

207 2656 230 2712 ll
255 2659 269 2714 1
295 2656 429 2713 Sarmatae
457 2656 542 2713 ultimi
570 2656 641 2713 ultra
668 2655 785 2712 Pontum
813 2665 892 2719 sunt,
922 2655 1000 2711 vicini
1023 2659 1196 2711 Amazonum.

121 2741 194 2798 unde
216 2741 389 2798 Sauromatae
412 2741 592 2816 appellantur.
680 2743 697 2799 3
721 2741 747 2797 id
770 2752 811 2798 est
833 2742 879 2816 qui
901 2740 951 2797 suh
974 2740 1102 2815 figmento
1118 2755 1197 2794 seve-

121 2826 207 2882 ritatis
239 2836 303 2882 sunt
334 2816 461 2899 inpudici.
495 2842 556 2882 nam
582 2842 656 2883 sacra
685 2826 854 2883 Bacchanalia
887 2844 919 2884 ex
946 2826 995 2882 SC.
1022 2823 1197 2881 condemnata

121 2918 200 2973 sunt,
231 2926 293 2965 cum
321 2909 464 2982 probatum
498 2919 569 2967 esset
600 2911 705 2968 senatui
732 2911 931 2969 honestissimas
952 2910 1063 2968 feminas
1085 2908 1118 2964 ad
1141 2907 1198 2963 Sti-

120 2992 210 3050 mulae
232 2994 296 3050 deae
318 2995 409 3050 lucum
430 2994 509 3051 foede
531 2995 684 3052 adulterari.
773 2997 935 3070 5imagines
951 2994 1091 3070 Chrysippi
1104 2991 1195 3068 philo-

122 3078 201 3151 sophi
221 3078 339 3136 invenies
361 3080 432 3154 apud
454 3096 501 3136 eos
522 3080 604 3136 lactas
628 3082 661 3139 de
681 3081 769 3155 gipso.
796 3083 842 3156 qui
870 3081 922 3138 luit
950 3082 1097 3138 stoicorum
1118 3078 1197 3151 prin-

123 3181 196 3238 ceps.
284 3167 301 3222 6
319 3164 469 3222 Aristotelis
485 3166 626 3239 imaginem
640 3166 750 3223 similem
764 3166 806 3223 vel
821 3177 944 3224 statuam.
1034 3168 1070 3223 10
1089 3163 1198 3219 Aristo·

121 3250 224 3324 phanes
245 3249 344 3306 lacerat
364 3251 502 3306 Socratem
525 3260 551 3307 et
573 3251 717 3324 discipulos
739 3251 831 3325 ipsius,
856 3270 917 3308 cum
938 3252 973 3307 sit
994 3260 1019 3307 11
1042 3250 1099 3322 ipse
1120 3248 1197 3321 peior

122 3334 268 3409 plerisque.
358 3337 395 3393 13
419 3353 480 3391 nam
502 3336 667 3395 invenientes
689 3338 777 3410 stupri
798 3337 909 3410 vestigia
930 3333 1023 3392 medici
1046 3333 1144 3389 rident.
1170 3332 1197 3389 id

123 3429 164 3477 est
185 3420 347 3494 intellegunt
368 3429 395 3477 et
417 3420 555 3478 denotant.
688 3424 724 3480 16
749 3420 915 3478 Peribomius
938 3435 1037 3475 nomen
1060 3417 1198 3491 archigalli

122 3505 237 3571 cinaedi,
262 3522 342 3579 quem
364 3505 501 3580 magulum
524 3514 732 3582 conspurcatum
755 3506 876 3563 dicimus.
905 3504 951 3579 qui
980 3502 1087 3578 publice
1104 3502 1198 3582 inpu-

121 3589 236 3646 dicitiam
257 3590 397 3665 professus
420 3600 469 3648 est.

210 3773 259 3823 169
276 3772 317 3821 sic
333 3773 357 3822 P
372 3773 426 3822 nisi
444 3771 515 3836 quod
533 3787 548 3823 o
567 3786 650 3836 cupra
675 3786 798 3822 uersum:
825 3770 954 3822 animante
978 3768 1040 3822 tuba
1064 3785 1084 3836 p
1112 3769 1196 3821 anime

124 3840 183 3889 ante
199 3838 276 3890 tubas
295 3837 374 3890 Valla
445 3842 493 3893 170
512 3839 557 3906 qui
574 3840 641 3904 Ppr.

208 3904 279 3958 llde
296 3904 405 3958 filosofis
424 3906 543 3960 obscenis
562 3907 669 3958 1111111111
686 3908 765 3958 hahet
782 3907 806 3956 P
879 3910 889 3958 1
911 3907 953 3959 hic
970 3909 1038 3973 Ppr.
1119 3905 1198 3959 oho-

123 3975 188 4036 rum]
207 3976 247 4025 est
265 3974 363 4026 adiecit
379 3991 399 4041 p
470 3977 502 4028 16
519 3974 666 4041 peribomns
682 3977 750 4042 Ppr.
