2656 4440
490 242 583 295 LIBER
601 245 610 296 i
646 243 778 298 SATVRA
794 247 826 299 lll

126 414 278 476 dissimiles
300 414 386 476 veris.
411 424 522 494 quanto
545 418 732 494 praesentius
754 430 831 480 esset

126 518 234 561 numen
259 502 353 579 aquiS,
375 501 459 561 viridi
481 500 506 561 si
528 503 662 580 margine
685 502 817 565 eluderet
840 506 934 567 undas

124 584 213 646 herba
238 604 296 646 nec
318 587 481 665 ingenuum
504 587 648 647 violarent
670 605 815 649 marmora
837 592 941 652 tolum.
1166 606 1196 658 20

165 671 214 732 bic
235 680 311 732 tunc
334 670 499 731 Vmbricius
518 664 651 749 ‘quando
674 666 801 736 artibus’
827 676 924 754 inquit
942 670 1089 741 ‘honestis

125 755 223 816 nullus
245 757 277 817 in
300 755 376 817 urbe
399 755 491 828 locus,
514 756 594 817 nulla
618 757 817 820 emolumenta
839 760 984 834 laborum,

125 858 170 900 res
192 842 281 902 hodie
303 842 402 902 minor
424 850 477 919 est,
501 842 572 902 bere
595 860 683 920 quam
705 844 770 915 fuit,
793 855 881 924 atque
905 848 1004 908 eadem
1028 868 1093 910 cras

125 926 238 987 deteret
259 927 374 1006 exiguis
395 927 514 1005 aliquid,
537 929 734 1007 proponimus
757 929 826 991 illuc

125 1010 177 1084 ire,
201 1011 335 1091 fatigatas
357 1010 407 1072 ubi
429 1011 573 1072 Daedalus
596 1014 676 1074 exuit
698 1014 766 1084 alas,
1168 1029 1196 1080 25

125 1096 193 1156 dum
217 1115 293 1157 nora
316 1097 447 1169 canities,
470 1098 538 1157 dum
563 1098 658 1175 prima
681 1108 709 1158 et
732 1108 811 1161 recta
834 1109 980 1176 senectus,

125 1181 192 1241 dum
216 1190 353 1260 superest
374 1181 497 1243 Lachesi
520 1182 599 1260 quod
621 1193 768 1262 torqueat,
791 1186 967 1264 etpedibus
989 1206 1036 1248 mc

125 1277 212 1345 porto
235 1268 308 1327 meis
331 1267 412 1328 nullo
435 1268 566 1328 dextram
590 1268 736 1330 subeunte
759 1269 875 1331 bacillo.

125 1352 264 1413 cedamus
285 1353 388 1432 patria.
432 1353 530 1414 vivant
551 1352 686 1415 Artorius
708 1355 773 1415 istic

125 1447 154 1497 et
176 1436 306 1509 Catulus,
328 1447 468 1499 maneant
490 1438 541 1515 qui
564 1439 681 1517 nigrum
706 1440 736 1500 in
760 1440 882 1500 candida
905 1449 1033 1514 vertunt,
1168 1452 1197 1502 ao

125 1523 191 1600 quis
213 1523 298 1583 lacile
320 1532 365 1584 est
385 1523 488 1584 aedem
511 1523 679 1584 conducere
702 1524 823 1586 flumina
846 1535 960 1604 portus,

125 1607 293 1668 siccandam
318 1609 451 1680 eluviem,
474 1609 653 1688 portandum
677 1610 711 1669 ad
736 1609 821 1670 busta
844 1610 975 1682 cadaver,

125 1700 154 1753 et
175 1692 321 1772 praebere
343 1702 433 1772 caput
454 1694 575 1754 domina
598 1695 699 1754 venale
722 1695 777 1755 sub
800 1695 892 1756 basta.

125 1777 274 1856 quondam
297 1778 328 1838 bi
351 1779 520 1839 cornicines
543 1787 572 1839 et
594 1780 781 1858 municipalis
803 1781 931 1841 harenae

124 1865 261 1942 perpetui
284 1865 408 1924 comites
431 1872 579 1942 notaeque
601 1884 655 1943 per
678 1865 785 1944 oppida
811 1865 931 1938 buccae,
1028 1894 1031 1899 ·

124 1965 250 2008 munera
274 1967 356 2010 nunc
379 1948 472 2010 edunt
494 1957 523 2010 et
545 1967 630 2010 verso
652 1950 760 2029 pollice
782 1951 887 2028 vulgus

125 2051 191 2092 cum
215 2032 306 2106 iubet,
330 2033 471 2095 occidunt
492 2035 693 2114 populariter;
716 2037 785 2096 inde
808 2036 918 2097 reversi

125 2117 299 2179 conducunt
320 2120 438 2193 forinas,
462 2130 491 2179 et
513 2138 568 2180 cnr
591 2119 676 2181 non?
700 2122 799 2181 omnia
822 2140 890 2181 cum
913 2122 982 2194 sint,

125 2203 227 2280 quales
250 2223 286 2264 ex
307 2204 411 2265 humili
435 2223 540 2284 magna
563 2206 597 2266 ad
622 2206 735 2284 fastigia
759 2225 857 2267 rerum

212 2342 249 2400 18
272 2343 335 2416 quia
363 2359 419 2399 non
448 2354 525 2400 erant
546 2343 695 2406 naturales,
727 2343 773 2400 sed
796 2359 875 2399 manu
898 2341 993 2399 factae.
1015 2351 1117 2416 quanto
1140 2360 1200 2400 me-

122 2425 174 2483 hus
197 2435 282 2493 esset,
313 2427 335 2482 si
358 2426 452 2485 natura
474 2445 520 2484 sua
544 2437 634 2485 essent
662 2429 794 2503 nymphae
817 2444 896 2502 quam
918 2427 1096 2484 marmoribus
1118 2444 1199 2484 exor-

122 2519 201 2568 natae
223 2520 250 2568 et
270 2511 391 2587 pollutae
412 2530 427 2570 a
448 2512 587 2588 flagitiosis
609 2512 770 2569 bominibus.
883 2513 922 2569 23
945 2529 988 2568 res
1010 2512 1091 2569 bodie
1112 2512 1201 2569 minor

124 2605 174 2653 est.
196 2596 368 2671 pauperibus.
393 2598 426 2655 de
448 2599 505 2672 ipsa
528 2615 607 2672 parva
630 2599 680 2654 iam
704 2598 834 2654 deminuit
855 2597 964 2671 aliquid.
1088 2600 1127 2657 29
1151 2615 1201 2672 per

122 2683 262 2738 Artorium
277 2691 305 2739 et
320 2682 442 2740 Catulum
464 2683 596 2758 ignobiles
618 2693 645 2741 et
667 2684 792 2739 sordidos
815 2693 843 2739 et
864 2682 938 2738 malis
959 2681 1062 2739 artibus
1082 2683 1200 2740 viventes

122 2765 246 2824 homines
268 2767 326 2824 vult
347 2767 477 2842 intellegi,
501 2770 547 2843 qui
570 2786 602 2825 er
624 2769 738 2825 sordidis
762 2766 842 2825 rebus
866 2768 958 2824 divites
981 2776 1046 2824 sunt
1068 2767 1142 2825 iacti.

211 2854 248 2910 31
267 2860 298 2910 ut
312 2852 458 2928 publicani.
498 2846 502 2853 ”
554 2855 593 2911 32
610 2854 736 2910 cloacam.
824 2854 870 2928 qui
884 2852 974 2910 locant
989 2871 1018 2909 se
1034 2863 1065 2910 ut
1079 2862 1201 2911 mortuos

122 2944 244 3011 portent.
387 2940 426 2996 33
451 2940 496 3013 qui
518 2949 634 3012 possunt
655 2956 670 2994 a
691 2938 756 2996 fisco
778 2939 856 2996 vendi
879 2939 955 3014 quasi
977 2938 1112 2997 debitores
1134 2939 1200 2997 fisci.

210 3025 250 3081 34
273 3023 423 3080 cornicines
444 3023 636 3098 symphoniaci.
750 3025 867 3098 parasiti.
890 3034 937 3082 aut
957 3024 1135 3098 gladiatorum
1157 3034 1204 3083 aut

122 3116 281 3165 venatorum
309 3110 420 3166 comites
447 3108 560 3166 luerunt
587 3126 680 3167 eorum
709 3110 755 3183 qui
782 3112 808 3165 in
831 3109 981 3184 municipiis
1002 3121 1201 3185 pugnaverunt,

122 3209 177 3248 non
201 3194 228 3248 in
251 3192 328 3251 urbe.
417 3197 456 3253 36
480 3194 513 3251 ab
536 3194 577 3251 his
598 3194 717 3269 populus
740 3195 885 3258 occiditur,
909 3211 979 3268 quos
1000 3204 1062 3253 ante
1083 3198 1202 3271 populus

121 3275 239 3342 iubebat,
261 3277 290 3334 id
311 3286 354 3336 est
374 3279 522 3355 imperabat
543 3280 637 3336 occidi.
728 3280 767 3338 38
790 3288 918 3342 stercora,
942 3279 994 3335 hoc
1017 3291 1057 3338 est
1079 3282 1201 3357 vectigal.

122 3360 207 3419 lorire
234 3372 277 3420 est
302 3380 354 3438 pro
384 3365 531 3422 deonerare
559 3374 695 3431 ventrem,
727 3363 811 3421 forire
833 3364 903 3420 enim
932 3365 1004 3421 loras
1034 3367 1128 3424 eicere.
1158 3367 1202 3424 alii

121 3447 248 3504 tabernas
271 3448 365 3507 dicunt
385 3448 446 3506 loro
469 3451 568 3507 vicinas
590 3459 637 3508 ant
657 3450 770 3522 vectigal
792 3449 932 3506 vinarium.
1064 3454 1101 3510 39
1125 3447 1201 3514 ἅνα-

121 3525 299 3596 κόλουθον.
322 3534 409 3592 dicere
431 3543 493 3592 ante
516 3534 609 3593 debuit
623 3528 718 3593 ‘tales'
740 3544 767 3593 et
788 3537 827 3593 sic
843 3529 972 3611 ‘quales‘.

210 3667 241 3718 18
260 3665 420 3730 praesentius
440 3666 598 3731 &angaeus
623 3671 649 3716 et
666 3666 830 3717 NHea'nsa'us:
849 3681 895 3733 pra
913 3669 1000 3718 catara
1019 3684 1096 3718 erasa
1108 3670 1132 3719 P
1145 3684 1200 3735 pre·

124 3731 235 3783 stantius
250 3739 310 3798 pw
387 3736 417 3785 19
436 3749 536 3801 aquep
616 3736 646 3786 21
667 3734 731 3786 ilinc
749 3736 857 3785 Peon-r.
872 3751 892 3800 p
971 3738 1004 3788 24
1022 3735 1133 3800 Deteret]
1151 3742 1201 3791 -ret

122 3800 224 3866 exiguis
242 3804 273 3850 in
292 3801 376 3851 lituro
394 3805 524 3868 ampliore
542 3803 566 3852 P
581 3800 678 3853 Deterit
695 3804 851 3853 Puteolanus
870 3802 945 3854 GLK.
964 3804 1006 3855 111
1020 3822 1047 3870 p.
1067 3805 1097 3856 71

192 3870 224 3921 32
244 3868 393 3920 siccandam
412 3870 508 3922 lnuiem
527 3871 551 3920 P
565 3869 692 3922 Siccanda
710 3869 856 3935 eluuiemp
961 3875 992 3924 37
1012 3873 1073 3924 (lum
1091 3874 1164 3926 iubet
1181 3875 1205 3927 P

123 3933 205 3995 Quem
216 3937 290 3988 lubet
306 3952 323 4001 p
407 3940 439 3990 38
459 3941 560 4006 poricas
577 3941 676 4003 spirata
693 3941 756 3989 onte
774 3953 790 3989 o
808 3940 983 4003 superaddito
1002 3943 1026 3992 P
1117 3947 1201 3994 conti-

121 4006 245 4057 nunaunt
261 4019 312 4056 non
331 4005 433 4057 omnia?

173 4102 265 4148 luam
980 4093 996 4143 6
