2656 4440
133 271 194 330 102
587 274 761 329 lVVENALlS

131 453 161 504 et
182 444 273 504 semel
295 445 407 523 aspecti
430 444 498 505 litus
521 445 636 506 dicebat
659 446 767 508 echini.

131 529 265 608 surgitur
288 538 316 590 et
338 530 427 591 misso
450 548 591 608 proceres
613 531 693 592 exire
716 533 857 593 iubentur

130 614 264 687 consilio,
288 633 362 692 quos
384 615 527 675 Albanam
550 617 610 677 dux
632 635 757 696 magnus
779 618 810 678 in
835 636 933 679 arcem

129 708 258 759 traxerat
278 699 420 761 attonitos
442 709 472 760 et
494 701 633 761 festinare
656 712 774 763 coactos

129 794 278 863 tamquam
301 785 337 845 de
360 783 471 846 Chattis
493 785 603 865 aliquid
626 788 775 866 torvisque
798 787 966 868 Sycambris

130 869 273 942 dicturus,
296 878 445 948 tamquam
468 889 504 930 ex
526 871 648 933 diversis
671 872 804 950 partibus
827 873 907 935 orbis

130 954 214 1014 anxia
238 955 392 1034 praecipiti
414 956 543 1017 venisset
564 957 689 1036 epistula
712 959 814 1037 pinna.

127 1049 217 1118 atque
240 1040 354 1100 utinam
375 1040 421 1101 his
442 1041 542 1120 potius
565 1042 653 1119 nugis
674 1052 735 1103 tota
759 1043 805 1103 illa
828 1042 956 1104 dedisset
1162 1057 1204 1106 150

129 1135 265 1203 tempora
287 1125 434 1199 saevitiae,
458 1126 552 1188 claras
575 1127 683 1206 quibus
705 1128 826 1189 abstulit
848 1128 914 1190 urbi

129 1209 330 1288 inlustresque
353 1211 465 1272 animas
487 1212 610 1290 impune
633 1221 663 1273 et
683 1214 798 1275 vindice
820 1213 913 1274 nullo.

130 1295 181 1355 sed
204 1295 292 1374 periit
313 1306 471 1375 postquam
494 1297 675 1359 cerdonibus
698 1317 763 1360 esse
785 1298 934 1360 timendus

129 1390 277 1459 coeperat.
321 1382 379 1442 hoc
403 1382 505 1443 nocuit
527 1382 696 1445 Lamiarum
720 1385 808 1446 caede
831 1384 969 1445 madenti.

580 1566 712 1619 SATVRA
732 1567 752 1617 V

128 1668 159 1728 Si
182 1679 211 1730 te
233 1669 379 1749 propositi
402 1672 536 1732 nondum
559 1671 652 1751 pudet
672 1680 760 1748 atque
784 1669 886 1729 eadem
909 1675 954 1729 est
976 1686 1072 1742 mens,

127 1762 161 1813 ut
183 1752 262 1814 bona
285 1773 398 1816 summa
422 1766 509 1833 putes
531 1757 626 1817 abena
647 1755 743 1815 vivere
765 1754 886 1832 quadra,

127 1838 151 1899 si
174 1848 260 1919 potes
282 1839 330 1901 illa
352 1841 413 1920 pati
436 1859 511 1920 quae
534 1859 590 1902 nec
612 1840 786 1900 Sarmentus
807 1839 925 1917 iniquas

127 1922 259 1986 Caesaris
282 1926 318 1985 ad
340 1943 458 1987 mensas
482 1944 538 1986 nec
559 1924 622 1984 vilis
646 1923 746 1985 Gabba
769 1923 893 1999 tulisset,

215 2066 271 2121 147
297 2073 430 2137 tamqnam
452 2063 485 2119 de
501 2061 611 2118 Gattbis.
633 2070 727 2135 gentes
742 2061 935 2121 Germanorum
957 2062 1012 2118 sive
1026 2060 1201 2118 Francorum.

213 2150 271 2206 149
296 2158 372 2205 antea
393 2148 416 2204 si
443 2146 507 2220 quid
528 2146 687 2202 nuntiabant
714 2147 840 2204 consules
862 2147 890 2203 in
913 2146 1007 2203 urbem
1029 2163 1078 2220 per
1095 2147 1200 2220 epistu-

123 2232 172 2304 las,
195 2232 217 2287 si
239 2233 365 2289 victoriae
387 2230 589 2296 nuntiabantur,
612 2230 704 2288 laurus
726 2234 753 2288 in
776 2232 888 2306 epistula
910 2230 1051 2305 figebatur,
1075 2231 1098 2287 si
1112 2241 1200 2287 autem

123 2317 223 2391 nliqnid
238 2317 350 2382 adversi,
372 2317 464 2390 pinna.
554 2318 613 2375 153
629 2316 800 2390 ignobilibus.
825 2317 905 2373 cerdo
928 2325 969 2373 est
984 2316 1092 2390 proprie
1113 2317 1200 2390 turpis

122 2401 192 2459 lueri
208 2402 333 2476 cupidus.
444 2403 503 2458 154
525 2399 553 2456 in
575 2402 670 2459 Lamiis
692 2403 846 2477 indignatur
868 2402 1000 2459 satiricus.
1023 2413 1089 2458 tunc
1111 2403 1199 2476 periit,

123 2504 185 2544 eum
208 2504 269 2545 eum
291 2485 408 2560 populus
430 2485 524 2543 timere
546 2489 679 2561 coepisset
701 2488 817 2545 extincto
839 2488 890 2544 iam
913 2496 1019 2544 senatu.

208 2572 231 2626 V
257 2575 270 2629 1
295 2572 328 2627 de
349 2571 447 2627 iuvene
469 2574 665 2630 contumelioso
688 2574 715 2629 in
731 2574 861 2647 parasitos
876 2572 949 2631 dicit.
1037 2574 1053 2630 3
1071 2571 1200 2628 Sarmen-

123 2666 167 2714 tus
189 2657 299 2714 nodone
312 2655 416 2712 'luscus
439 2674 454 2713 e
476 2658 556 2715 domo
572 2659 652 2716 Marci
666 2659 774 2721 Favoni,
797 2660 928 2716 incertum
949 2657 1061 2714 libertus
1083 2673 1116 2711 an
1139 2673 1200 2712 ser-

122 2758 186 2806 vus,
215 2740 337 2814 plurimis
359 2739 445 2798 forma
468 2754 496 2799 et
517 2743 667 2801 urbanitate
688 2745 841 2818 promeritis
864 2760 896 2801 eo
919 2743 1033 2799 fiduciae
1054 2741 1140 2804 venit,
1169 2749 1200 2797 ut

123 2825 242 2899 equitem
263 2825 413 2882 Romanum
428 2835 528 2900 ageret,
553 2828 688 2885 decuriam
703 2846 813 2902 quoque
827 2828 1006 2902 quaestoriam
1022 2834 1200 2900 compararet.

121 2925 206 2985 quare
233 2926 283 2984 per
310 2910 389 2967 ludos
418 2911 516 2985 quibus
545 2913 660 2986 primum
688 2914 714 2968 in
737 2913 802 2969 llllll
825 2913 964 2994 ordinibus
986 2910 1068 2974 sedit,
1097 2910 1199 2965 baeca

121 2994 225 3069 populo
248 2994 275 3049 in
297 3012 358 3052 eum
381 2996 552 3052 dictasunt:
574 2986 656 3054 ‘aliud
680 2998 809 3072 scriptum
831 2996 912 3054 babet
934 2996 1104 3057 Sarmentus,
1128 2993 1199 3050 alind

121 3079 241 3155 populus
263 3079 395 3137 voluerat.
417 3081 497 3155 digna
520 3081 618 3156 dignis:
643 3084 681 3139 sic
700 3083 855 3140 Sarmentus
878 3080 972 3139 babeat
994 3094 1098 3136 crassos
1120 3095 1199 3134 com·

121 3167 214 3240 pedes.
236 3165 330 3223 rustici
352 3183 387 3223 ne
408 3166 473 3223 nibil
494 3167 586 3240 agatis,
611 3167 705 3241 aliquis
720 3168 891 3224 Sarmentum
906 3158 1013 3239 alliget’.
1030 3162 1093 3219 dum
1108 3171 1198 3218 autem

122 3266 230 3307 causam
257 3261 401 3325 usurpatae
429 3252 564 3326 dignitatis
586 3251 662 3317 dicit,
691 3252 816 3326 precibus
840 3261 867 3308 et
888 3251 971 3325 gratia
992 3257 1127 3304 summoto
1150 3264 1197 3303 ae-

122 3344 247 3394 cusatore
275 3335 397 3393 dimissus
424 3346 478 3402 est,
509 3354 571 3394 cum
593 3337 664 3411 apud
685 3337 785 3394 iudices
807 3336 873 3393 nibil
895 3335 965 3392 aliud
989 3334 1086 3390 docere
1108 3341 1198 3407 temp-

120 3430 191 3479 taret
212 3438 293 3496 qnam
315 3438 469 3479 concessam
492 3421 542 3479 sibi
562 3422 713 3480 libertatem
735 3439 751 3478 a
772 3422 931 3485 lleeeenate,
956 3418 989 3475 ad
1011 3435 1091 3491 quem
1113 3419 1196 3475 sectio

120 3504 257 3563 bonorum
278 3506 377 3564 Favoni
405 3507 580 3582 pertinuerat.
603 3507 655 3564 iam
677 3515 766 3564 autem
788 3523 869 3563 senex
891 3507 918 3562 in
941 3503 1058 3561 maximis
1081 3504 1197 3560 necessi·

121 3589 238 3664 tatibus,
267 3593 300 3648 ad
328 3610 396 3668 quas
417 3590 528 3650 libidine
548 3592 707 3667 luxurieque
729 3592 874 3657 deciderat,
906 3599 1016 3648 coaetus
1038 3589 1195 3654 auctionari,

122 3692 184 3733 cnm
205 3677 418 3751 interrogaretur
440 3695 489 3734 cnr
511 3679 640 3752 scriptum
663 3694 771 3751 quoque
794 3677 945 3734 censorium
968 3674 1112 3747 venderet,
1141 3691 1197 3730 non

120 3760 234 3819 infacete
262 3761 350 3819 bonae
377 3780 406 3820 se
427 3763 572 3820 memoriae
595 3780 653 3820 esse
676 3763 823 3835 respondit.
925 3766 943 3820 4
968 3759 1058 3817 Gabba
1081 3760 1196 3816 tulisset.

208 3893 258 3944 144
276 3906 399 3958 properes
418 3893 520 3945 exibere
533 3894 557 3944 P
570 3909 675 3959 eor-etp
746 3896 795 3946 147
815 3892 942 3945 cettbisS
960 3892 1036 3944 cattis
1055 3895 1085 3956 ςι
1105 3889 1196 3939 sessis

121 3960 145 4010 P
160 3961 227 4026 getis
240 3968 300 4026 pw
378 3963 426 4014 148
445 3977 476 4013 ec
493 3961 663 4013 Ribbeekics:
682 3965 709 4013 et
726 3963 749 4013 P
765 3962 837 4027 quod
853 3963 990 4028 eoepunoeit
1004 3976 1023 4025 p
1043 3975 1094 4011 om.
1113 3966 1144 4009 w

206 4026 230 4079 V
246 4029 274 4079 in
286 4029 416 4096 parasitos
428 4028 459 4082 de
472 4031 543 4083 eenis
555 4029 749 4083 contumeliosis
761 4032 922 4097 inscriptum
933 4032 963 4079 in
974 4031 998 4080 Ρ
1064 4026 1166 4093 tgalba
1177 4040 1195 4089 p
