2656 4440
120 238 161 297 80
568 240 743 293 IVVENALIS

120 411 274 473 mittentur
295 413 400 473 bracae
423 412 533 475 cultelli
556 415 639 475 srena
663 414 825 494 flagellum:

119 498 162 558 sic
183 506 381 577 praetextatos
403 499 538 558 referunt
559 500 696 560 Artaxata
719 518 826 560 mores

566 782 699 835 SATVRA
715 783 747 836 111

122 888 260 959 Quamvis
282 887 415 966 digressu
438 887 545 948 veteris
567 888 710 949 confusus
732 887 828 960 amici,

122 973 210 1035 laudo
233 982 342 1046 tamen,
365 973 464 1034 vacuis
487 972 566 1051 quod
589 972 688 1033 sedem
711 974 803 1051 figere
826 971 925 1033 Cumis

121 1059 249 1119 destinet
271 1067 358 1137 atque
381 1077 475 1119 unum
499 1058 591 1118 civem
613 1058 726 1118 donare
748 1056 885 1137 Sibyllae.

122 1145 208 1204 ianua
230 1144 367 1204 Baiarum
390 1152 434 1204 est
456 1151 485 1203 et
506 1151 623 1222 gratum
646 1142 715 1204 litus
737 1143 853 1203 amoeni

122 1247 265 1290 secessus.
311 1247 365 1307 ego
389 1229 434 1288 vel
457 1228 631 1307 Prochytam
654 1246 808 1307 praepono
832 1227 985 1302 Suburae;
1181 1237 1195 1286 5

123 1333 192 1375 nam
215 1314 285 1392 quid
307 1321 367 1374 tam
390 1313 539 1387 miserum,
562 1321 621 1373 tam
644 1312 740 1374 solum
762 1312 895 1389 vidimus,
918 1322 1036 1375 utnon

123 1399 253 1461 deterius
276 1399 377 1460 eredas
400 1398 523 1459 horrere
545 1399 692 1472 incendia,
715 1398 815 1477 lapsus

122 1493 268 1546 tectorum
291 1484 428 1545 adsiduos
450 1501 484 1544 ac
506 1483 585 1543 mille
609 1483 738 1562 pericula
761 1502 861 1544 saevae

122 1569 205 1631 urbis
228 1578 257 1630 et
278 1570 410 1647 Augusto
432 1569 590 1630 recitantes
612 1586 715 1629 mense
737 1566 862 1647 poetas?

123 1655 173 1717 sed
196 1655 265 1715 dum
288 1663 350 1715 tota
372 1653 477 1715 domus
499 1653 587 1714 raeda
609 1654 801 1732 componitur
821 1671 890 1726 una,

122 1739 253 1801 substitit
274 1739 309 1800 ad
332 1748 445 1800 veteres
468 1757 554 1800 arcus
577 1737 782 1817 madidamque
805 1738 963 1817 Capenam.

122 1825 180 1898 bic,
203 1824 254 1885 ubi
278 1835 443 1886 nocturnae
464 1825 558 1885 Numa
582 1823 779 1884 constituebat
801 1824 912 1884 amicae
935 1857 976 1867 -

124 1929 206 1971 nunc
227 1911 302 1971 sacri
325 1910 416 1971 fontis
439 1928 544 1970 nemus
567 1916 595 1969 et
617 1907 740 1969 delubra
761 1909 898 1990 locantur

123 1995 237 2056 ludaeis
260 2013 388 2074 quorum
411 1995 557 2072 cophinus
579 1995 759 2072 faenumque
782 1993 923 2073 supellex,

126 2081 222 2140 omnis
245 2081 324 2141 enim
348 2078 458 2158 populo
480 2077 648 2139 mercedem
670 2079 801 2158 pendere
824 2079 902 2139 iussa
925 2086 969 2139 est
1167 2084 1195 2133 15

126 2164 215 2225 arbor
237 2173 267 2226 et
289 2165 389 2225 eiectis
412 2163 558 2225 mendicat
580 2163 649 2224 silva
672 2163 808 2224 Camenis
830 2198 872 2208 -

124 2250 154 2309 in
177 2249 281 2310 vallem
304 2249 428 2329 Egeriae
451 2249 658 2310 descendimus
680 2257 710 2309 et
731 2249 887 2326 speluncas

213 2459 248 2513 17
254 2459 271 2514 0
295 2473 384 2513 mores
407 2473 476 2530 quos
497 2455 544 2512 filii
566 2464 721 2512 senatorum
743 2456 815 2511 intra
837 2453 933 2512 urbem
954 2452 1069 2518 babent,
1094 2449 1201 2508 obsides

125 2541 152 2596 in
181 2541 236 2597 suis
264 2542 356 2616 patriis
384 2542 528 2598 redeuntes
556 2548 709 2615 reportant,
743 2558 813 2615 quos
846 2541 928 2598 ceteri
959 2540 1031 2614 apud
1053 2555 1082 2594 se
1104 2536 1201 2611 ephebi

126 2626 237 2683 discant.
325 2630 450 2683 Artaxata
472 2628 562 2683 civitas
584 2625 733 2683 Armeniae.

209 2729 243 2784 lll
281 2731 293 2785 l
325 2729 385 2802 quia
415 2729 497 2785 Roma
526 2727 619 2785 relicta
646 2727 786 2785 habiturus
820 2737 861 2784 est
890 2727 1057 2801 Campaniam
1090 2726 1202 2780 hortatu

126 2830 206 2887 quem
227 2812 357 2868 luvenahs
379 2812 452 2868 dicit.
566 2821 597 2869 ut
620 2813 743 2886 Virgilius
766 2810 844 2886 [Aea.
860 2816 888 2878 3,
906 2811 978 2886 482]
997 2802 1133 2885 ‘digressu
1154 2828 1202 2866 su·

124 2883 246 2972 premo‘.
357 2897 373 2953 3
398 2896 460 2968 quia
483 2896 581 2970 Sibylla
604 2898 720 2953 Cumana
741 2896 803 2954 luit.
901 2900 935 2955 ll
962 2897 1036 2955 stetit
1057 2902 1201 2970 expectans

126 2981 248 3044 raedam,
278 2978 324 3036 uhi
353 2977 442 3036 solent
471 2981 649 3055 proconsules
678 2983 781 3045 iurare,
812 2983 840 3038 in
869 2982 910 3039 via
933 2984 1018 3058 Appia
1039 2982 1072 3039 ad
1093 2989 1202 3057 portam

128 3067 269 3141 Capenam.
291 3064 318 3121 id
340 3072 381 3120 est
402 3064 435 3120 ad
458 3064 594 3122 Camenas.
718 3067 850 3124 madidam
871 3068 932 3125 ideo
955 3068 1018 3143 quia
1039 3084 1121 3142 supra
1144 3084 1202 3124 eam

127 3152 310 3227 aquaeductus
338 3158 393 3214 est,
423 3167 503 3223 quem
533 3168 606 3208 nune
633 3151 768 3225 appellant
789 3169 881 3210 arcum
904 3154 1057 3212 stillantem.
1085 3153 1202 3228 pslmum

129 3240 199 3295 enim
222 3253 308 3311 usque
331 3234 427 3292 ibidem
449 3234 561 3293 luerunt
581 3245 686 3311 portae.
783 3241 819 3296 12
842 3239 951 3313 Egeriae
975 3238 1106 3315 nymphae
1128 3239 1203 3296 dicit.

217 3324 253 3380 16
287 3320 384 3395 templa
414 3319 586 3379 Camenarum
617 3322 719 3379 ludaeis
746 3323 914 3383 locabantur.
1047 3328 1083 3382 17
1107 3325 1203 3398 Egeria

129 3407 243 3482 nympha
267 3423 335 3481 quae
357 3406 496 3464 colebatur
518 3407 546 3463 in
569 3407 676 3465 Aricino
698 3408 774 3475 lacu,
798 3428 859 3468 cum
882 3428 934 3486 qua
956 3411 1040 3467 Numa
1064 3419 1091 3466 et
1113 3427 1202 3468 conu-

128 3492 203 3548 bium
225 3501 252 3549 et
282 3491 447 3567 colloquium
475 3510 505 3551 se
534 3492 632 3550 habere
659 3494 791 3552 simulavit
819 3514 901 3572 super
927 3495 1002 3554 cultu
1032 3495 1202 3569 religionum,

129 3593 185 3716 quq
207 3593 343 3634 armorum
365 3586 392 3634 et
413 3594 520 3651 pugnae
542 3579 631 3635 studio
654 3578 810 3654 flagrantem
826 3582 958 3657 populum
973 3580 1123 3639 Romanum
1137 3581 1203 3638 abs-

127 3671 166 3719 lra
187 3671 253 3720 eret.

212 3859 243 3912 lll
263 3876 342 3928 quare
361 3861 500 3914 umbricius
518 3863 606 3915 urbem
625 3862 726 3916 deserat
745 3867 884 3918 titulusita
902 3865 925 3914 P
1011 3868 1025 3917 5
1044 3864 1201 3917 subumbrae

127 3931 195 3995 Ppr.
282 3933 344 3981 aute
364 3931 395 3982 12
414 3931 540 3982 lacunam
556 3930 694 3984 indicarat
711 3949 771 3985 eum
788 3932 930 3986 Ribbeclsio
949 3936 976 3983 et
994 3935 1093 3987 17-20
1112 3936 1200 3984 trans·

127 4001 256 4064 posuerat
273 3997 385 4050 Iahnius
456 4000 487 4051 16
505 3999 595 4052 electis
612 4001 678 4065 Ppr.
883 4007 884 4010 ’
