2656 4440
162 208 214 264 vul
323 288 328 296 ¹
604 206 790 264 manuario

159 401 229 445 reno
252 383 283 444 in
307 381 410 445 codice
426 382 453 444 P
470 383 605 446 traditam
627 384 833 445 recensionem
854 383 938 463 sequi
952 382 1057 448 solent
1104 391 1235 445 ceterum

161 486 252 547 etiam-
272 502 340 547 cum
362 485 451 548 huius
472 487 591 566 generis
606 484 759 547 codicibus
773 485 955 547 scholiorum
971 485 1041 547 satis
1055 485 1151 564 ampla
1174 485 1233 546 col·

160 587 252 649 lectio·
270 589 429 650 coniuncta
455 605 519 650 esse
541 589 625 658 solet,
648 588 730 652 nullo
753 589 939 668 cognationis
959 587 1052 667 gradu
1074 589 1164 649 altera
1187 586 1234 649 illa

160 690 271 752 scholia
292 691 471 769 contingens
494 700 524 752 et
538 690 574 751 ab
590 691 672 752 omni
687 692 876 771 grammatica
891 690 1024 752 doctrina
1040 689 1234 770 antiquitatis·

161 810 219 872 que
240 791 413 873 cognitione
434 801 565 868 remota,
592 793 671 854 inter
699 810 773 872 quae
796 801 825 853 et
847 793 970 855 Cornuti
992 810 1104 872 anceps
1125 808 1233 854 nomen

160 894 284 956 iactatur
306 903 337 955 11
347 892 457 956 Heirioi
479 895 622 974 magistri,
645 894 697 974 qui
719 895 750 956 in
773 895 923 975 corruptis
942 895 1055 975 graecis
1076 895 1234 956 restituen-

160 997 204 1060 dis
225 995 277 1076 (lX
300 999 353 1075 37)
380 997 489 1059 frustra
519 996 719 1070 desudaverit,
748 998 908 1059 auctoritas
936 997 1108 1078 appellatur.
1159 1013 1234 1075 quae

159 1099 269 1162 scholia
291 1099 392 1178 qualia
409 1099 470 1161 sint
483 1118 520 1160 ex
534 1100 755 1179 speciminibus,
779 1114 855 1178 quae
869 1109 937 1179 post
953 1100 1121 1161 Crumerum
1137 1097 1234 1158 Sobo-

158 1218 256 1281 peuus
277 1203 307 1263 in
332 1211 549 1282 programmate
564 1202 717 1264 Bonnensi
738 1221 764 1264 a.
782 1204 873 1276 1847,
897 1201 928 1264 C.
944 1202 977 1263 F.
995 1202 1182 1263 llermannus
1203 1199 1234 1260 in

158 1304 370 1366 schediasmate
385 1303 422 1364 de
437 1304 616 1365 scholiorum
632 1304 668 1364 ad
682 1303 849 1366 Iuvenalem
861 1322 971 1384 genere
986 1302 1132 1364 deteriore
1143 1300 1234 1379 (Gott.

160 1408 269 1481 1849),
299 1405 440 1485 Gigchius
462 1406 493 1466 in
516 1415 657 1487 apparatu
686 1407 790 1467 critico
821 1406 857 1467 ad
881 1406 1048 1468 luvenalem
1070 1403 1176 1483 (Lugd.
1201 1401 1233 1462 B.

161 1507 255 1584 1849)
277 1517 307 1568 11
322 1507 353 1567 in
369 1506 465 1568 tribus
480 1508 626 1587 capitibus
641 1507 809 1570 luvenalcm
824 1509 947 1586 eiusque
961 1507 1134 1570 scholiastes
1149 1522 1234 1585 spec-

159 1608 290 1671 tantibus
312 1609 417 1689 (bugd.
434 1610 467 1670 B.
485 1612 578 1685 1850)
601 1619 834 1689 proposuerunt,
857 1611 926 1671 satis
949 1610 1077 1689 perspici
1101 1618 1207 1689 potest.

243 1713 348 1772 baram
370 1713 579 1774 recensionem
602 1730 667 1774 earn
688 1713 834 1774 rationem
857 1731 930 1785 esse,
954 1722 1096 1792 utquam
1120 1710 1168 1773 PS
1188 1731 1236 1772 re·

158 1822 351 1893 praesentant
372 1814 487 1894 integra
508 1814 643 1877 habenda
666 1816 705 1875 sit
726 1824 756 1874 et
776 1815 880 1894 purior
902 1833 945 1888 ea,
968 1832 1057 1894 quarn
1073 1814 1163 1875 ceteri
1185 1832 1236 1874 co-

158 1916 239 1977 dices
270 1916 405 1996 plerique
438 1934 543 1978 omues
570 1920 622 1994 (ω)
654 1925 705 1977 aut
737 1917 821 1978 multi
854 1916 993 1978 exhibent
1028 1916 1236 1995 interpolatam

159 2027 189 2079 et
210 2019 405 2097 depravatam,
427 2029 584 2099 postquam
606 2019 636 2079 in
660 2018 790 2081 editione
812 2038 828 2080 a
851 2038 898 2081 me
921 2038 946 2080 a.
966 2021 1044 2083 1851
1071 2027 1171 2080 curata
1188 2018 1236 2079 PS

159 2121 324 2182 testimonia
348 2129 490 2200 quantum
514 2122 577 2182 fieri
600 2122 697 2200 potuit
718 2122 822 2201 plena,
851 2133 1017 2184 ceterorum
1041 2121 1176 2183 codicum
1199 2141 1235 2182 ex

158 2239 266 2302 magno
289 2240 413 2283 numero
436 2222 626 2296 selectorum,
649 2233 791 2302 quantum
815 2226 964 2298 satisfuit,
987 2225 1138 2304 proposita
1153 2235 1234 2298 sunt,

157 2325 222 2387 Car.
246 2324 294 2386 Fr.
317 2326 507 2386 llermaunus
529 2325 642 2387 duabus
665 2326 929 2406 disputationibus,
961 2346 1033 2406 quas
1058 2327 1094 2388 de
1124 2327 1234 2389 codici-

157 2427 213 2490 bus
235 2427 381 2490 luvenalis
403 2436 483 2490 recte
505 2428 694 2491 aestimandis
716 2429 807 2507 (Gott.
826 2430 920 2507 1847)
945 2439 975 2490 et
994 2430 1136 2492 vindicias
1152 2430 1234 2489 luve-

157 2531 288 2592 nalianas
310 2530 401 2608 (Gott
425 2531 519 2604 1854)
541 2530 701 2612 inscripsit,
724 2532 805 2593 etin
830 2532 1013 2611 praedatione
1036 2532 1174 2594 editionis
1197 2534 1234 2608 (a.

159 2633 253 2712 1854)
276 2635 442 2696 accuratius
464 2635 685 2696 demonstravit.
729 2635 828 2714 itaque
851 2653 914 2696 rem
937 2646 1067 2715 apertam
1095 2630 1235 2714 eriemplis

156 2736 303 2798 illustrare
324 2737 521 2815 supersedeo,
545 2738 687 2816 quoniam
709 2739 826 2799 selectis
848 2739 991 2817 exemplis
1014 2738 1087 2797 nihil
1109 2738 1166 2798 nisi
1190 2736 1236 2797 PS

156 2836 275 2896 testium
297 2838 474 2914 praestantia
493 2838 646 2917 probatur,
669 2839 697 2899 id
721 2839 800 2916 quod
817 2848 906 2918 caput
928 2848 981 2910 est,
1005 2857 1068 2898 eam
1084 2839 1234 2898 recensio-

157 2955 225 2997 nem
249 2954 265 2996 e
288 2953 363 3016 puro
393 2939 475 2998 fonto
498 2939 614 2998 ductam
638 2939 735 3017 itaque
759 2949 957 3017 comparatam
981 2958 1063 3011 esse,
1092 2949 1124 2999 ut
1146 2940 1233 2999 etiam

156 3037 187 3098 in
211 3038 332 3099 incertis
363 3049 392 3099 et
419 3038 516 3099 dubiis
538 3048 642 3099 contra
670 3039 865 3119 interpolatos
895 3039 988 3101 libros
1015 3042 1164 3117 sequenda
1187 3041 1233 3113 sit,

157 3140 331 3220 quaestione
353 3142 470 3202 demum
494 3160 548 3221 per
569 3150 665 3204 totum
688 3142 797 3203 librum
819 3143 974 3222 diligenter
995 3143 1129 3204 instituta
1152 3152 1233 3222 pate-

156 3244 220 3304 fieri
242 3252 349 3324 potest.
393 3244 472 3322 quod
495 3262 556 3304 non
580 3261 692 3316 vereor,
716 3262 754 3305 ne
777 3245 843 3322 quis
865 3245 895 3305 in
913 3253 975 3305 arte
991 3245 1091 3306 critica
1114 3246 1233 3325 paulum

156 3355 288 3406 1111111111
309 3347 348 3407 111
364 3347 586 3424 interpretetur,
610 3347 693 3425 quasi
708 3347 738 3406 in
757 3345 806 3406 PS
819 3347 916 3407 omnia
933 3357 1023 3420 recte,
1046 3349 1075 3408 iu
1094 3371 1121 3410 ω
1136 3350 1234 3408 omnia

156 3464 246 3526 prave
267 3449 376 3528 scripta
393 3458 503 3509 extent.
541 3449 652 3509 etenim
670 3468 767 3527 neque
783 3449 807 3510 is
822 3448 907 3520 liber,
931 3451 1011 3511 unde
1027 3440 1077 3511 Ps'
1088 3451 1233 3530 originem

156 3559 311 3626 ceperunt,
326 3568 342 3609 a
358 3550 434 3610 vitiis
449 3550 589 3611 immunis
600 3551 664 3624 fuit,
682 3568 779 3629 neque
794 3551 844 3629 qui
857 3551 925 3612 inde
938 3552 1159 3632 descripserunt
1172 3574 1232 3614 uon

156 3650 247 3709 multa
260 3650 448 3730 neglegentia
459 3662 632 3730 peccarunt.
656 3663 759 3713 contra
772 3652 801 3712 in
817 3673 851 3715 eo
864 3654 1010 3733 exemplo,
1024 3657 1102 3734 quod
1109 3656 1234 3719 Nicaeus

156 3768 224 3812 cum
248 3750 350 3812 Servio
371 3754 568 3832 interpolavit,
591 3755 655 3816 fleri
679 3773 740 3815 nou
763 3757 869 3835 potuit,
892 3758 964 3835 quin
988 3759 1079 3819 multa
1101 3760 1139 3820 ita
1163 3769 1232 3822 uta
1326 3756 1327 3760 ’

155 3860 242 3931 poeta
265 3853 372 3932 scripta
396 3864 481 3915 erant
503 3864 626 3927 servata,
650 3857 766 3935 integra
789 3875 805 3916 a
828 3858 955 3921 librariis
983 3861 1234 3923 transscriberen-

154 3963 212 4014 tur.
258 3972 349 4032 quare
372 3974 433 4016 nou
457 3957 625 4019 mirandum
650 3969 709 4035 111,
738 3960 762 4021 11
786 3961 865 4023 haud
888 3981 949 4023 uno
971 3963 1036 4025 loco
1059 3965 1089 4025 in
1115 3987 1141 4027 ω
1164 3982 1234 4026 casu
