2656 4440
194 240 234 300 46
679 244 784 298 PERSll

193 415 343 490 intumuit,
367 435 455 495 quam
479 435 539 477 non
563 417 721 478 extinxerit
743 435 820 478 urna
842 416 977 479 cicutae?

192 511 225 562 tu
246 519 327 561 mare
349 499 518 563 transilias?
541 500 595 562 tibi
617 510 694 563 torta
719 500 853 563 cannabe
875 503 949 563 fulto

191 604 265 648 cena
287 587 325 647 sit
347 587 377 647 in
401 595 541 659 transtro,
565 586 821 667 Veientanumque
843 586 992 649 rubellum

192 672 287 732 exalet
306 671 409 750 rapida
431 673 544 733 laesum
565 672 632 752 pice
655 673 764 735 sessilis
785 670 887 733 obba?

191 757 261 837 quid
284 754 379 836 petis‘l
401 765 436 818 ut
459 757 582 831 nummi,
605 776 681 836 quos
703 758 752 819 hic
775 758 944 837 quincunce
965 757 1100 819 modesto

190 842 347 917 nutrieras,
370 851 515 922 peragant
536 842 635 904 avidos
656 843 766 904 sudore
788 841 941 904 deunces‘l
1225 855 1269 905 150

189 927 309 1005 indulge
331 928 430 1005 genio,
454 946 609 1007 carpamus
631 928 735 1002 dulcia,
759 936 895 989 nostrum
918 937 963 990 est

189 1014 268 1092 quod
290 1013 371 1088 vivis,
395 1013 471 1074 cinis
492 1022 523 1073 et
544 1031 647 1074 manes
670 1021 700 1074 et
721 1012 820 1074 fabula
842 1014 905 1086 fies,

187 1099 250 1160 vive
272 1116 386 1160 memor
409 1098 471 1170 leti,
493 1098 569 1177 fugit
591 1099 673 1172 hora,
696 1099 754 1159 hoc
776 1099 855 1177 quod
879 1098 987 1176 loquor
1008 1096 1078 1158 inde
1100 1087 1164 1159 est?

188 1203 225 1244 en
249 1183 321 1263 quid
342 1180 426 1263 agis‘l
449 1183 559 1263 duplici
581 1183 612 1243 in
636 1183 783 1244 diversum
807 1183 953 1245 scinderis
973 1183 1070 1243 hamo.

186 1268 318 1330 huncine
341 1287 378 1330 an
402 1269 483 1330 hunc
505 1266 662 1348 sequeris?
685 1267 792 1329 subeas
814 1268 946 1328 alternus
969 1274 1087 1347 oportet
1221 1277 1262 1328 tte

186 1354 307 1433 ancipiti
331 1352 475 1433 obsequio
497 1354 644 1427 dominos,
667 1354 800 1415 alternus
821 1352 954 1414 oberres.

186 1457 242 1499 nec
264 1447 294 1499 tu
319 1456 387 1499 cum
410 1439 559 1500 obstiteris
582 1439 673 1499 semel
695 1439 878 1517 instantique
901 1437 1019 1518 negaris

184 1541 290 1602 parere
313 1523 448 1603 imperio,
467 1516 549 1603 ‘rupi
571 1524 628 1585 iam
653 1514 782 1584 vincula'
808 1525 906 1598 dicas;

185 1627 253 1668 nam
277 1617 307 1669 et
328 1608 436 1669 luctata
459 1610 541 1670 canis
564 1609 675 1670 nodum
697 1609 816 1688 abripit,
840 1617 990 1669 attamen
1012 1606 1064 1679 illi,

184 1712 252 1753 cum
275 1693 360 1773 fugit,
388 1712 404 1753 a
427 1693 503 1754 collo
526 1695 655 1756 trahitur
676 1713 745 1774 pars
767 1694 857 1773 longa
880 1703 1012 1755 catenae.
1221 1702 1263 1753 100

182 1770 282 1853 ‘Dave,
306 1779 374 1853 cito,
398 1779 454 1839 boc
479 1778 582 1840 credas
604 1777 704 1853 iubeo,
726 1779 814 1840 finire
837 1778 956 1840 dolores

270 1970 328 2026 145
363 1968 448 2025 cicuta
478 1968 522 2025 hic
554 1985 641 2043 genus
671 1968 785 2043 liquoris
814 1976 856 2026 est
883 1968 958 2043 quod
985 1966 1101 2024 calorem
1128 1967 1155 2022 in
1184 1965 1262 2023 nobis

179 2052 288 2126 frigoris
321 2053 363 2110 sui
396 2053 421 2108 vi
454 2053 594 2128 extinguit.
633 2054 750 2128 ideoque
782 2054 935 2111 sacerdotes
967 2052 1070 2109 Cereris
1102 2051 1260 2116 Eleusiniae

180 2137 278 2212 quibus
314 2156 381 2196 usus
417 2139 522 2195 veneris
558 2138 783 2205 interdicebatur,
820 2140 873 2196 hoc
909 2138 1022 2213 liquoris
1058 2153 1158 2210 genere
1199 2146 1262 2194 ute-

179 2223 292 2288 bantur,
322 2232 353 2280 ut
382 2240 397 2279 a
422 2223 570 2281 concubitu
597 2222 771 2282 abstinerent.
905 2225 962 2283 147
995 2223 1170 2279 Veientanum
1199 2222 1263 2278 dixit

177 2309 269 2363 vinum
295 2309 324 2364 in
352 2308 462 2366 Veiente
490 2317 593 2365 natum.
680 2307 828 2373 rubellum,
858 2309 885 2365 id
907 2316 949 2366 est
970 2325 1103 2372 russeum,
1135 2308 1262 2365 sednon

176 2394 266 2466 magui
280 2395 370 2466 pretii.
441 2394 514 2450 unde
529 2394 654 2451 Horatius
670 2392 782 2468 culpans
796 2410 906 2451 avarum
921 2394 985 2450 dicit
1010 2391 1076 2468 [sot.
1093 2394 1122 2456 2,
1139 2394 1169 2457 3,
1190 2390 1261 2467 143]

171 2474 235 2554 ‘qui
257 2479 432 2536 Veientanum
462 2478 538 2535 lestis
563 2487 659 2552 potare
682 2474 798 2536 diebus‘.
909 2481 968 2538 148
992 2477 1062 2535 obba
1084 2493 1171 2552 genus
1193 2478 1262 2535 rasis

176 2582 208 2621 ex
231 2573 321 2638 sparto
344 2563 454 2622 iactum.
523 2566 582 2623 149
606 2581 656 2621 cur
677 2562 806 2640 navigas?
828 2581 862 2621 an
884 2564 999 2640 pecunia
1021 2581 1089 2638 quae
1112 2562 1160 2619 tibi
1181 2565 1262 2638 quin-

176 2665 275 2706 cunces
296 2650 447 2707 verecunde
468 2651 621 2724 praestavit,
646 2666 707 2708 curn
729 2651 849 2724 periculo
873 2650 991 2707 deunces
1013 2650 1152 2723 praestet?

265 2737 323 2794 153
348 2740 454 2809 tempu's
484 2736 558 2809 quod
586 2735 725 2810 loquendo
753 2736 935 2809 transigimus,
966 2735 1000 2792 de
1028 2744 1076 2791 tuo
1105 2733 1185 2808 perit.
1230 2744 1262 2791 ut

176 2819 302 2875 Horatius
324 2819 379 2895 [od.
399 2825 425 2885 1,
445 2823 494 2886 11,
511 2820 541 2894 7]
558 2814 639 2877 ‘dum
668 2821 812 2894 loquimur,
836 2820 906 2893 fugit
926 2820 1014 2877 invida
1036 2814 1128 2876 netas'.
1198 2822 1255 2878 161

174 2903 248 2959 hunc
276 2903 366 2961 locum
396 2905 429 2961 de
458 2906 594 2962 Menandri
622 2906 753 2962 Hunucho
781 2905 877 2970 traxit,
901 2904 928 2960 in
951 2921 1006 2980 quo
1029 2906 1129 2961 Davum
1151 2921 1259 2962 servum

175 2988 376 3045 Chaerestratus
397 2989 555 3047 adulescens
576 2988 722 3065 alloquitur
743 2997 879 3063 tamquam
903 3006 995 3046 amore
1010 2989 1145 3063 Chrysidis
1167 3007 1259 3046 mere-

173 3075 247 3130 tricis
270 3074 408 3140 derelicto,
430 3076 556 3150 idemque
579 3084 667 3131 tamen
690 3073 723 3130 ab
741 3091 771 3131 ea
787 3082 927 3130 revocatus
943 3074 975 3130 ad
996 3073 1068 3130 illam
1089 3075 1168 3132 redit.
1184 3074 1258 3148 apud

158 3159 327 3243 vTerentium
359 3177 492 3234 personae
525 3161 679 3217 immutatae
710 3168 784 3215 suut.
828 3159 902 3233 quod
925 3158 1076 3234 exemplum
1098 3159 1202 3217 inducit
1222 3159 1257 3215 ad

172 3245 372 3302 similitudinem
402 3247 541 3311 vitiorum,
568 3244 703 3320 aquibus
732 3244 858 3300 recedere
887 3261 942 3301 non
969 3262 1124 3320 possumus.
1153 3245 1208 3301 hoe
1229 3252 1258 3302 et

172 3331 299 3388 Horatius
327 3330 392 3406 [sut.
409 3332 438 3395 2,
455 3332 484 3396 3,
501 3329 574 3404 259]
602 3339 630 3387 et
657 3330 799 3387 Terentius
829 3329 950 3387 similiter
979 3331 1007 3385 in
1035 3329 1166 3387 Eunucho
1194 3347 1256 3387 cum

261 3532 309 3581 145
329 3544 405 3596 quarn
423 3529 454 3580 P:
482 3527 525 3580 uel
544 3527 613 3595 quod
627 3542 648 3592 p
667 3525 735 3593 quod
755 3535 778 3578 α
862 3531 911 3581 146
929 3526 1026 3590 rung
1092 3525 1205 3579 traciliar
1229 3534 1254 3578 ot

259 3600 306 3649 141
325 3598 445 3648 intrastro
464 3598 491 3660 (n
509 3595 571 3647 odd.
587 3597 616 3662 p)
633 3594 862 3663 uellentauumque
881 3598 905 3646 P
1008 3596 1057 3648 148
1075 3593 1167 3646 Exclat
1185 3596 1252 3661 Ppr.

171 3664 258 3732 uapidi
277 3671 302 3715 ot
388 3664 513 3732 picemP
596 3662 696 3715 cessilis
719 3671 743 3714 α
822 3668 871 3717 150
890 3662 1022 3714 Nutrieras
1041 3678 1090 3715 om.
1111 3670 1135 3714 α
1154 3663 1250 3715 addo

257 3736 365 3799 pergant
383 3740 407 3783 α
494 3730 616 3794 55165ς
703 3733 810 3784 suadare
833 3734 857 3783 P
878 3731 926 3781 ced
947 3731 1033 3783 altera
1057 3747 1070 3782 a
1094 3733 1125 3782 in
1150 3747 1251 3785 rasura

169 3804 272 3867 scripta
291 3803 503 3868 quamprimum
521 3799 629 3852 suadere
657 3798 758 3861 fucrit:
782 3799 876 3852 sudore
895 3805 941 3864 ap
960 3799 1052 3852 sudare
1070 3804 1090 3864 ς
1205 3799 1249 3852 de-

170 3884 251 3934 unges
269 3871 338 3935 Ppr.
358 3868 393 3932 cf.
411 3871 485 3922 arob.
504 3868 635 3934 lexicogr.
654 3869 699 3920 lat.
717 3869 773 3934 Ip.
793 3869 843 3920 108
934 3869 983 3920 153
1000 3868 1073 3921 locor
1091 3876 1116 3920 α
1198 3871 1247 3920 157

169 3935 223 3989 Nec
242 3942 312 3988 tuum
332 3945 355 3988 α
436 3937 594 4004 instantique
613 3945 672 4003 etp:
692 3936 937 4003 instantibusqueP
1021 3939 1069 3990 159
1088 3936 1253 4004 urrumpitP

169 4006 258 4073 arripit
274 4023 293 4073 p
363 4010 390 4059 at
407 4009 440 4059 P:
459 4009 485 4058 et
503 4012 527 4056 α
616 4009 665 4059 160
684 4005 774 4058 treitur
793 4012 816 4055 α
