2656 4440
128 217 168 278 22
615 218 720 273 PERSII

127 413 235 474 nempe
255 393 314 454 boc
336 392 415 473 quod
438 391 545 454 Veneri
568 393 693 454 donatae
715 412 730 454 a
752 394 868 472 virgine
890 413 997 475 pupae.
1177 404 1209 455 ’11)

127 480 200 558 quin
223 479 327 540 damus
349 478 377 539 id
400 477 524 557 superis,
548 479 584 539 de
606 496 712 557 magna
736 479 814 558 quod
838 479 908 540 dare
929 480 1013 541 lance

127 583 190 625 non
212 564 305 644 possit
326 563 425 642 magni
448 563 588 625 Messalae
610 563 690 643 lippa
712 563 869 644 propago?

125 650 323 729 'compositum
345 649 391 709 ius
413 649 516 727 fasque
538 650 637 711 animo
659 658 836 729 sanctosque
858 667 992 712 recessus

126 735 235 796 mentis
257 743 286 795 et
307 734 458 795 incoctum
481 751 627 811 generoso
650 742 754 812 pectus
775 735 917 796 honesto:

126 821 200 882 baec
222 819 295 882 cedo
318 828 351 880 ut
373 819 543 880 admoveam
564 819 692 898 templis,
708 828 745 880 et
766 819 845 881 farre
867 818 968 881 litabo.
1177 825 1208 877 ro

648 1022 712 1095 lll·¹

120 1150 247 1238 ‘Nempe
268 1158 342 1219 baec
363 1156 493 1220 adsidue.
530 1157 586 1219 iam
610 1159 722 1220 clarum
743 1176 831 1219 mane
853 1158 999 1218 fenestras

125 1242 218 1305 intrat
240 1251 271 1304 et
291 1252 431 1322 angustas
454 1243 584 1304 extendit
605 1244 716 1319 lumine
740 1244 839 1304 rimas.

124 1328 284 1403 stertimus,
307 1328 485 1390 indomitum
507 1329 586 1408 quod
609 1329 784 1409 despumare
809 1327 966 1388 Falernum

126 1500 210 1557 Vama
233 1499 336 1557 scribit.
425 1504 461 1559 71
487 1500 613 1571 ieramus,
635 1502 739 1575 inquit,
761 1501 793 1557 ad
816 1499 945 1575 templum
968 1499 1038 1555 dona
1059 1497 1205 1555 conscien-

124 1586 187 1643 tiam
210 1586 317 1656 bonam,
340 1595 367 1642 et
389 1586 427 1641 sic
448 1584 495 1642 fiet
517 1594 673 1643 tritomum
694 1585 767 1642 mola
791 1585 858 1641 salsa
880 1585 988 1641 litantes
1003 1583 1146 1640 exaudiant
1160 1584 1205 1641 dii.

17 1742 21 1749 .
127 1670 201 1744 quod
223 1679 315 1744 potest
337 1680 365 1727 et
385 1688 499 1745 pauper.
596 1672 635 1729 72
661 1671 764 1728 Cottam
786 1669 957 1727 Messalinum
979 1668 1060 1742 dicit,
1083 1668 1130 1742 qui
1152 1675 1207 1726 11111

124 1754 235 1811 vitiosos
258 1754 352 1812 oculos
374 1755 402 1812 in
417 1764 556 1813 senectute
571 1754 673 1821 habuit,
697 1766 728 1812 ut
749 1755 893 1830 palpebrae
915 1757 971 1812 eius
994 1756 1021 1809 in
1044 1753 1206 1810 exteriorem

123 1849 229 1916 partem
256 1848 436 1898 verterentur.
485 1839 537 1897 luit
564 1842 638 1916 enim·
665 1840 756 1897 multis
786 1840 922 1915 praeditus
951 1839 1056 1895 divitiis.
1100 1838 1144 1895 bic
1172 1837 1206 1895 ab

125 1926 236 1983 Aurelio
259 1926 336 1982 Cotta
359 1926 503 1999 adoptatus
525 1926 628 1982 Marcus
652 1926 775 1983 Aurelius
792 1927 917 1982 Maximus
939 1924 1094 1989 vocabatur,
1119 1923 1206 1998 origi-

124 2028 187 2068 nem
208 2010 316 2066 trahens
337 2027 353 2066 a
376 2011 478 2066 Valerio
502 2010 610 2067 Messala
632 2013 678 2085 qui
701 2011 799 2085 septies
822 2011 873 2068 luit
894 2009 1008 2081 consul,
1036 2009 1083 2083 qui
1105 2026 1169 2066 cum
1191 2026 1207 2065 a

124 2096 242 2170 quodam
264 2095 337 2151 Gallo
360 2095 394 2152 ad
416 2096 628 2152 monomachiam
649 2105 807 2168 vocaretur,
830 2114 926 2152 corvus
949 2112 1030 2169 super
1052 2094 1156 2167 galeam
1178 2095 1205 2151 in

124 2181 211 2254 capite
233 2180 290 2236 eius
312 2180 389 2243 sedit,
414 2189 442 2236 et
462 2180 533 2236 victo
556 2180 634 2238 hoste
654 2182 785 2239 Corvinus
807 2181 955 2256 appellatus
978 2189 1028 2239 est.
1116 2182 1155 2238 73
1180 2188 1208 2237 et

123 2273 242 2323 secretas
264 2265 439 2338 cogitationes
462 2273 489 2321 et
511 2275 616 2323 sanctas
639 2276 665 2324 et
686 2267 793 2323 honesti
815 2268 994 2330 tenacitatem,
1017 2273 1049 2321 ut
1071 2263 1130 2322 erui
1148 2281 1206 2321 non

122 2351 217 2426 possit.
306 2354 345 2409 74
368 2350 515 2422 incoctum,
538 2352 614 2409 valde
636 2362 753 2410 coctum.
842 2352 970 2411 1511111
998 2351 1064 2406 cedo
1094 2357 1126 2406 ut
1155 2351 1207 2407 ad-

121 2453 244 2514 moveam
267 2435 383 2510 templis.
428 2453 460 2494 ce
481 2437 509 2491 in
531 2437 665 2495 boc-loco
688 2437 800 2494 adiectio
831 2436 973 2512 syllabica,
1004 2435 1115 2490 namin
1138 2436 1206 2492 cedo

122 2522 206 2580 verbo
228 2522 398 2596 producitur.
443 2521 486 2580 hic
509 2541 618 2598 quoque
640 2541 737 2580 sensus
759 2523 792 2579 ab
814 2523 925 2580 Horatio
948 2529 1073 2594 sumptus
1096 2528 1137 2576 est
1159 2520 1208 2594 qni

124 2608 160 2664 ait
182 2607 239 2682 [od.
263 2609 293 2680 3,
318 2609 368 2679 23,
394 2607 444 2682 17]
469 2598 608 2665 ‘immunis
638 2627 709 2666 aram
738 2609 760 2664 si
790 2609 877 2683 tetigit
904 2624 1015 2678 manus,
1043 2621 1099 2660 non
1128 2622 1208 2661 sum·

122 2702 222 2767 ptuosa
250 2692 373 2749 blandior
402 2693 490 2750 hostia
517 2693 630 2750 mollivit
657 2711 765 2751 aversos
795 2703 906 2770 penates
935 2692 1006 2748 larre
1033 2691 1077 2764 pio
1108 2699 1136 2746 et
1160 2707 1208 2747 sa-

120 2777 204 2834 liente
225 2764 320 2833 mica³.

207 2861 243 2916 lll
279 2864 292 2919 1
328 2862 398 2916 hanc
429 2862 538 2917 satiram
564 2870 645 2936 poeta
674 2879 705 2918 ex
733 2862 816 2919 Lucili
846 2862 916 2918 libro
946 2870 1042 2935 quarto
1065 2860 1207 2919 transtulit

97 2977 100 2982 2
123 2946 256 3019 castigans
283 2944 417 3001 luxuriam
445 2955 473 3002 et
501 2946 706 3020 vitio'ldivitum.
751 2955 778 3003 et
806 2963 866 3002 cum
892 2946 996 3003 inducit
1016 2947 1208 3020 paedagogum

123 3030 310 3105 obiurgantem
332 3030 539 3104 scholasticum,
561 3031 682 3104 increpat
704 3032 824 3087 omnium
846 3031 996 3104 segnitiem.
1084 3033 1101 3089 2
1125 3048 1207 3089 mane

123 3116 225 3174 scilicet
247 3115 289 3173 vel
311 3133 360 3190 per
382 3116 461 3172 rimas
484 3114 663 3172 fenestrarum
685 3133 714 3172 se
738 3125 795 3172 tota
816 3117 861 3172 lux
878 3115 1014 3187 infundit,¹
1028 3124 1059 3173 ut
1074 3115 1132 3189 capi
1148 3133 1207 3174 non

122 3203 219 3276 possit.
306 3201 506 3260 dindomitum
528 3200 679 3257 Falernum.
723 3201 813 3257 idest
839 3202 929 3258 vinum
957 3201 1057 3258 multae
1087 3201 1205 3268 virtutis,

123 3295 156 3343 ut
179 3287 308 3361 Vergilius
331 3286 369 3342 ait
391 3285 428 3360 [p.
451 3282 569 3358 4,102]
596 3275 636 3341 ‘et
658 3287 755 3342 durum
778 3287 871 3343 bacchi
895 3288 1028 3344 domitura
1050 3275 1206 3360 saporem'.

122 3379 149 3428 11
169 3372 294 3429 Lucanus
324 3371 392 3446 [10,
420 3369 489 3444 163]
515 3359 688 3427 ‘indomitum
717 3371 807 3428 lleroe
835 3390 936 3446 cogens
963 3388 1088 3447 spumare
1112 3371 1207 3429 11111-

123 3444 216 3514 num³.
259 3474 355 3514 sensus
385 3464 475 3512 autem
502 3456 553 3512 iste
582 3466 638 3512 est:
669 3465 723 3513 tam
746 3457 874 3515 diuturno
897 3475 996 3532 sopore
1019 3457 1206 3531 deprimimur,

123 3549 156 3597 ut
176 3543 281 3615 possint
303 3542 349 3615 qui
363 3541 444 3596 nimio
467 3539 596 3597 ebrietate
618 3542 719 3615 gravati
741 3554 815 3615 sunt,
840 3553 893 3600 tarn
915 3543 998 3617 longo
1023 3558 1117 3598 somno
1141 3559 1207 3599 cra-

208 3709 240 3758 '10
259 3722 273 3758 a
292 3721 342 3756 om.
361 3712 385 3756 α
461 3707 493 3756 72
512 3706 622 3757 messala
643 3713 666 3757 α
737 3709 769 3758 73
788 3706 887 3758 animos
906 3708 930 3756 P
944 3706 1065 3758 animimo
1082 3707 1106 3757 B
1124 3707 1205 3759 1171117

123 3773 318 3839 §Lactantius
404 3775 438 3823 74
456 3773 592 3825 honestum
612 3781 636 3825 α
724 3778 756 3826 75
775 3774 926 3826 admoneam
945 3775 967 3826 B
985 3774 1140 3826 admoueant
1157 3777 1207 3827 aad

124 3845 154 3894 ni
172 3842 307 3893 adsimiles
325 3857 349 3891 m
368 3842 474 3892 litterae
491 3844 515 3892 P

211 3909 243 3961 lll
262 3915 405 3978 satyrarum
423 3907 454 3961 lll
473 3909 587 3975 loquitur
611 3909 644 3961 ad
668 3909 749 3962 desidi
767 3909 791 3961 B
813 3909 954 3976 increpatio
978 3908 1091 3961 desidiae
1115 3912 1205 3964 1111111-

122 3992 170 4030 111
189 3980 213 4029 Ρ
282 3977 425 4043 lSepeA
443 3977 570 4045 SeppeB
