2656 4440
559 274 744 329 PRAEFATIO
1148 274 1196 326 XV

117 448 264 528 balbeque
279 449 374 510 iocato
390 468 448 510 nec
463 449 596 529 potuisse
612 450 709 511 inesse
724 448 755 509 in
772 447 833 509 ullo
849 447 951 509 codice
966 454 1093 519 vetusto,
1116 445 1194 507 aliud

117 553 207 631 igitur
229 569 349 613 carmen
372 551 465 613 luisse
487 553 515 612 id
540 552 620 631 quod
643 551 731 631 paulo
754 560 823 611 ante
838 556 991 629 repertum
1008 566 1072 610 csse
1088 547 1117 608 in
1135 547 1193 608 Ro·

116 655 212 715 biensi
234 664 382 726 narratur,
406 665 503 715 umen
520 656 551 715 in
567 655 646 715 hanc
662 672 781 733 quoquc
797 652 957 713 editionem
971 651 1083 731 recepi,
1106 668 1193 729 prae·

117 757 216 818 sertim
240 774 308 818 cum
331 757 445 836 primus
468 775 532 818 eam
555 757 675 818 Iahnius
697 755 884 817 recensuerit
905 773 941 815 ex
963 753 1034 815 artis
1056 752 1192 814 formula.

119 860 262 921 editiones
284 877 374 938 supra
397 860 516 939 scriptis
538 869 729 920 accesserunt
744 858 840 919 Bootii
855 855 1079 934 (dmstclodami
1098 855 1191 932 1868)

118 961 167 1040 qui
188 971 269 1022 15515
291 960 328 1021 ab
352 962 526 1040 antiquitate
548 962 730 1041 poematium
753 959 945 1033 abiudicavit,
970 966 999 1017 ct
1020 956 1192 1018 Baehrensii

116 1063 216 1141 (lenae
240 1065 333 1138 1873,
357 1072 436 1143 poet.
455 1064 503 1124 lat.
519 1064 590 1124 min.
607 1063 630 1122 V
647 1082 675 1141 p.
692 1063 745 1138 91)
769 1062 819 1140 qui
843 1070 992 1139 tamquam
1016 1057 1053 1119 ab
1076 1058 1192 1119 schola·

114 1165 188 1226 stico
212 1166 342 1226 inlumae
365 1164 548 1242 antiquitatis
571 1165 671 1224 fictum
694 1164 821 1224 refinxit.

200 1267 304 1328 dabam
328 1267 451 1327 Ronnae
473 1285 575 1327 mense
597 1265 684 1326 lunio
707 1283 732 1326 a.
758 1266 849 1329 1886.

199 1569 297 1630 Novae
324 1570 461 1634 editionis
483 1589 570 1632 causa
593 1570 724 1631 codicem
749 1568 811 1629 Pa
834 1568 1080 1629 bibliothecarum
1104 1585 1191 1646 prae-

114 1671 198 1732 lectis
214 1672 538 1752 Montepessulanarum
562 1673 634 1733 mibi
656 1671 817 1733 liberaliter
832 1670 1050 1732 commodatum
1066 1671 1130 1749 ipsc
1146 1669 1190 1730 di-

112 1773 240 1852 ligenter
261 1775 384 1847 contuli,
407 1775 506 1854 itaque
529 1785 558 1836 et
581 1793 700 1837 errores
721 1775 872 1852 corrigere
895 1793 954 1835 non
972 1773 1070 1835 nullos
1086 1782 1115 1833 et
1130 1771 1189 1833 dis·

113 1877 293 1954 crepantiam
317 1877 481 1956 scripturae
503 1876 670 1957 pleniorem
686 1895 858 1957 proponere
873 1875 965 1937 licuit.
981 1876 1144 1936 subcinctos
1160 1884 1190 1935 et

111 1981 270 2039 5555115115
292 1978 405 2038 alterna
427 1979 496 2040 talia
518 1997 657 2058 expressa
680 1998 745 2041 csse
768 1998 804 2040 ex
827 1977 854 2039 P
873 1979 958 2040 scito.

198 2081 227 2140 in
252 2080 354 2141 Persio
378 2080 404 2141 P
424 2092 453 2142 ct
476 2106 496 2144 α
511 2081 555 2143 515
570 2081 688 2142 dillcrre
704 2081 763 2142 dixi
778 2081 873 2142 musei
887 2081 974 2141 rhen.
989 2079 1052 2141 llhl
1068 2100 1098 2159 p.
1114 2085 1188 2155 454,

111 2193 143 2242 ut
165 2184 212 2243 illa
233 2184 370 2244 recensio
386 2185 574 2264 grammatica
589 2195 653 2245 arte
668 2186 838 2246 emendatas
857 2185 1008 2265 tutelaque
1027 2185 1188 2247 custoditas

109 2296 222 2347 saturas
240 2287 388 2360 exhibeat,
410 2288 483 2349 haec
497 2289 528 2348 in
546 2307 603 2366 qua
620 2288 719 2348 Sabini
737 2307 847 2349 nomen
864 2298 953 2367 atque
969 2287 1187 2349 emendationis

109 2389 250 2447 memoria
281 2389 424 2450 remansit
453 2391 483 2450 in
512 2389 686 2468 quibusdam
716 2391 840 2468 propius
869 2390 947 2450 absit
968 2408 983 2448 a
1005 2408 1085 2449 vero.
1109 2388 1188 2448 velut

112 2487 293 2549 choliambos
317 2509 405 2549 nemo
429 2490 549 2568 negabit
569 2499 721 2568 praestare
739 2491 865 2550 reiectos
881 2491 911 2549 iu
929 2508 996 2549 cum
1012 2490 1110 2550 locum
1127 2508 1186 2567 quo

112 2587 166 2646 vita
188 2588 271 2649 Persi
294 2600 412 2650 narrata
435 2601 512 2665 erat,
536 2609 624 2668 quam
648 2591 830 2669 praepositos
852 2590 965 2670 primae
987 2598 1119 2662 saturae,
1142 2591 1187 2651 vel

111 2690 133 2745 V
151 2691 191 2753 84
225 2691 254 2750 in
278 2692 451 2753 definitione
473 2691 616 2754 libertatis
638 2693 724 2771 gnari
745 2693 831 2754 lacile
853 2692 1027 2770 intellegent
1047 2704 1081 2755 ct
1102 2692 1188 2754 leoco

109 2794 220 2854 rectius
241 2795 313 2855 ferri
335 2813 422 2874 quam
445 2806 478 2857 ct
503 2795 603 2859 coluit.
626 2797 657 2857 in
680 2796 744 2858 aliis
766 2796 893 2874 eligendi
916 2797 997 2876 optio
1017 2806 1050 2856 ut
1065 2796 1185 2858 Iahnius

108 2913 198 2973 supra
220 2897 339 2976 scripsit
360 2897 473 2959 incerta
496 2898 591 2973 datur,
614 2899 644 2960 in
667 2898 731 2960 aliis
754 2923 775 2961 α
798 2909 917 2979 practer
938 2899 1067 2961 immane
1089 2899 1185 2979 scrip-

107 3007 191 3056 turae
214 3000 370 3060 cacoethes
392 3000 478 3060 etiam
495 3002 597 3062 fucosa
612 3019 647 3062 ac
662 3001 776 3063 lallacia
792 3001 911 3063 tradidit
927 3012 959 3062 ut
975 3002 1104 3063 ostendit
1119 3002 1184 3062 Iob.

108 3098 214 3178 Bieger
243 3102 290 3180 (de
313 3102 406 3164 Persii
428 3104 530 3165 codice
553 3105 716 3165 Pithoeano
739 3105 869 3165 Berolini
894 3104 998 3181 1890).
1044 3105 1183 3182 quocirca

108 3219 175 3261 cum
199 3203 358 3264 editionem
380 3204 448 3265 libri
463 3206 499 3266 ad
515 3207 593 3268 banc
610 3226 691 3269 nunc
705 3207 801 3287 legem
817 3207 1013 3277 formaverim,
1036 3216 1070 3266 ut
1085 3206 1181 3283 quoad

107 3323 155 3365 res
175 3323 289 3366 summa
311 3316 463 3386 pateretur
485 3310 668 3388 grammatici
689 3310 796 3370 tutoris
810 3327 953 3388 sequerer
967 3309 1182 3379 auctoritatem,

107 3418 205 3484 potest
227 3418 259 3469 ut
281 3409 316 3470 de
340 3428 410 3470 vero
432 3410 538 3489 aliquid
562 3413 626 3493 ipsa
649 3413 713 3492 lege
736 3412 908 3490 derogatum
925 3411 961 3471 sit
977 3432 999 3472 α
1014 3408 1181 3489 posthabito

107 3509 182 3568 ultra
206 3529 294 3588 quam
317 3513 387 3572 satis
403 3522 473 3574 erat.
498 3515 666 3595 exemplum
681 3515 719 3575 do
735 3512 920 3575 centurionis
936 3530 1044 3572 nomen
1062 3511 1085 3570 V
1104 3513 1180 3575 190:

107 3609 219 3671 honum
244 3613 420 3692 Pulsencics
442 3618 521 3694 quod
545 3636 581 3678 ex
605 3616 631 3677 P
651 3617 736 3689 edidi,
759 3617 811 3677 sed
834 3615 939 3675 melius
961 3615 1084 3675 tortasse
1102 3615 1180 3691 quod

108 3710 137 3769 in
156 3735 177 3772 α
192 3723 237 3772 551
248 3713 423 3792 Folscccics
435 3727 467 3777 ut
479 3719 609 3779 Tuscum
621 3737 655 3778 ac
667 3719 759 3797 magis
775 3719 861 3778 etiam
878 3736 893 3776 a
907 3716 1026 3777 Graecis
1041 3716 1179 3776 alienum.

192 3813 358 3877 iuvenalem
380 3828 516 3881 tenemus
532 3839 548 3881 a
563 3821 671 3882 Nicaeo
688 3821 877 3892 recensitum,
901 3818 986 3879 cuius
1001 3817 1180 3896 subscriptio

106 3917 203 3995 primo
228 3916 303 3978 libro
326 3920 497 4002 subsignata
518 3924 548 3983 in
572 3924 730 4003 archetypo
753 3924 784 3982 in
801 3921 928 4001 Ppcriit
943 3939 1001 3981 una
1017 3938 1085 3980 cum
1102 3938 1182 3978 com·

106 4020 260 4082 mortariis
281 4024 410 4102 antiquis
432 4025 550 4104 scriptis
572 4026 603 4087 in
620 4025 739 4086 exordio
755 4025 822 4085 libri
837 4023 976 4086 secundi.
985 4020 1199 4096 1555515955-
