2656 4440
142 213 186 266 xll
595 211 778 265 PRAEFATIO

141 388 264 450 ludendi
286 405 373 449 causa
395 395 544 466 tamquam
568 404 604 448 en
625 386 748 467 antiquo
771 384 872 447 codice
893 384 1056 465 descriptos
1078 384 1219 465 protulis-

143 501 188 554 sct
209 492 375 570 (cumulem
402 489 439 550 lV
462 493 510 566 4),
541 490 571 550 hi
600 488 703 551 mutati
732 499 820 568 atquc
849 487 912 550 aliis
941 488 1038 560 aucti,
1068 496 1219 568 tamquam

144 593 262 655 maioris
285 593 384 672 operis
405 595 614 671 fragmentum,
643 593 722 653 inter
743 592 806 652 eius
828 590 959 651 carmina
981 590 1051 652 editi
1073 599 1144 652 sunt
1165 589 1218 669 (lll

143 715 172 776 p.
197 698 259 760 194
281 696 327 757 cd.
350 712 374 756 a.
399 696 503 772 1650).

229 798 331 859 dabam
354 797 478 859 Bonnac
501 815 603 858 mense
627 796 714 856 lunio
736 813 762 856 a.
787 796 880 859 1868.

299 1289 495 1352 FlthClSCl
517 1288 760 1350 BVECHELERI
783 1286 1056 1349 hlllllThllllNTA

230 1512 401 1573 lahnianam
418 1510 588 1585 editionem,
612 1511 753 1589 quoniam
774 1510 852 1571 nulla
876 1510 1020 1588 emptoris
1042 1507 1219 1588 exemplaria

144 1623 331 1694 supererant,
346 1613 523 1692 bibliopolae
535 1614 653 1674 hortatu
667 1615 708 1674 sic
721 1613 885 1685 retractavi,
902 1622 935 1672 ut
948 1621 1099 1673 auctorem
1112 1612 1219 1691 ipsum,

144 1719 169 1778 si
184 1718 301 1791 viveret,
325 1716 382 1776 iam
396 1725 624 1776 retractatorum
640 1717 705 1775 lore
721 1714 870 1794 putabam.
899 1732 968 1775 cum
985 1714 1065 1774 enim
1080 1722 1220 1774 maneant

144 1819 239 1898 posita
255 1817 292 1879 ab
314 1817 364 1878 illo
380 1818 572 1878 fundamenta
595 1817 665 1877 artis
681 1834 737 1876 nec
753 1816 864 1876 moveri
881 1816 1006 1895 possint,
1022 1825 1120 1876 tamen
1137 1814 1219 1875 refici

145 1939 220 2000 opus
243 1921 341 1982 multis
363 1920 495 2000 partibus
517 1919 617 1980 decuit
631 1919 796 1979 minutatim
818 1917 953 1979 addendo
968 1915 1113 1978 demendo
1138 1935 1219 1976 com·

144 2023 296 2084 mutando.
334 2041 391 2101 qua
415 2023 445 2082 in
461 2041 494 2083 re
510 2022 602 2101 siquis
624 2031 675 2082 aut
697 2021 763 2100 plus
779 2021 865 2081 etiam
888 2038 977 2099 quam
999 2020 1070 2081 mihi
1085 2037 1220 2098 sumpse-

145 2127 200 2186 rim
224 2126 297 2187 iuris
318 2126 408 2187 luisse
424 2125 588 2186 correctori
603 2124 681 2185 dicat
695 2133 746 2185 aut
760 2124 868 2197 minus,
892 2143 952 2185 non
970 2123 1058 2184 nimis
1072 2141 1218 2202 repugno.

145 2245 247 2288 verum
270 2228 340 2288 satis
361 2227 455 2287 habco
478 2228 502 2288 si
518 2226 611 2287 Iahnii
634 2226 737 2286 merita
754 2233 907 2287 ostentans
929 2225 1002 2286 nihil
1024 2225 1160 2304 derogavi
1184 2225 1220 2284 de

145 2330 252 2391 virtute
274 2337 363 2408 atquc
385 2329 511 2390 utilitate
534 2328 671 2389 editionis
693 2329 811 2407 prioris.

232 2432 325 2495 Persii
347 2431 479 2493 codicem
494 2432 527 2506 B,
550 2449 638 2510 quem
654 2430 754 2491 denuo
776 2430 882 2510 inspici
900 2428 1018 2490 lahnius
1033 2429 1220 2501 desiderarat,

146 2535 177 2596 in
200 2535 345 2597 tabulario
368 2535 505 2597 basilicae
521 2534 676 2595 Vaticanae
692 2534 840 2612 signatum
863 2535 903 2597 36
919 2532 945 2592 Η
960 2531 1220 2593 membranaceum

146 2639 254 2700 saeculi
277 2641 402 2700 lortasse
426 2638 497 2698 noni
513 2638 662 2698 lohannes
685 2637 833 2698 llenricus
848 2636 985 2698 Wheelcr
1007 2635 1221 2696 llassachusct-

147 2741 249 2814 tensis,
273 2741 377 2802 doctor
398 2741 576 2814 Bonnensis,
599 2741 780 2804 ann01879
802 2740 872 2800 dum
896 2739 926 2799 in
951 2738 1031 2798 ltalia
1047 2736 1221 2816 peregrina-

147 2855 205 2914 tur,
228 2841 372 2903 benevolo
402 2860 471 2920 erga
500 2861 556 2902 nos
585 2842 684 2901 animo
713 2842 870 2920 diligenter
899 2840 1034 2901 contulit.
1079 2839 1163 2899 cuius
1186 2855 1221 2895 ex

147 2943 248 3003 labore
272 2962 339 3004 cum
356 2944 444 3003 alium
460 2944 589 3003 fructum
605 2943 680 3020 cepi,
702 2952 766 3002 tum
781 2943 817 3002 de
833 2942 935 3003 Sabini
951 2941 1126 3001 recensione
1142 2939 1221 2997 cius-

148 3063 207 3123 que
229 3045 408 3124 apographis
431 3062 506 3122 quae
529 3061 618 3122 supra
641 3043 748 3122 scripta
764 3052 835 3103 sunt
856 3043 967 3122 liquido
984 3039 1154 3102 confirmari
1178 3040 1222 3099 di-

148 3146 216 3208 dici.
240 3147 372 3207 codicem
389 3145 481 3206 Persii
498 3163 532 3205 ac
548 3144 692 3205 luvenalis
709 3144 880 3223 Pimpcnsa
897 3162 966 3204 cura
983 3143 1080 3203 denno
1097 3141 1224 3203 contulit

148 3249 293 3310 liudolfus
308 3248 382 3308 lleer
397 3247 637 3308 vindobonensis
649 3266 742 3326 eaque
754 3247 882 3308 conlatio
899 3255 1009 3325 quanto
1022 3244 1222 3305 emolumento

149 3362 225 3414 essct
240 3351 368 3414 ostendit
383 3351 413 3411 in
429 3350 580 3429 spicilegio
592 3351 781 3411 luvenaliano
796 3349 923 3428 (lipsiae
938 3350 1042 3426 1885).
1065 3349 1222 3409 Persianae

148 3455 285 3516 lectionis
307 3453 534 3533 discrepantiam
560 3453 600 3513 ibi
624 3453 714 3515 edidit
735 3472 763 3531 p.
782 3454 820 3516 18
833 3472 867 3526 s.,
890 3452 926 3512 ad
957 3451 1125 3512 luvenalcm
1148 3469 1223 3529 quae

148 3558 313 3636 pertineret
334 3557 498 3617 conlectam
522 3576 557 3617 ex
575 3557 689 3617 schedis
712 3555 817 3616 suiset
833 3556 1080 3616 accommodatam
1104 3564 1223 3615 nostrae

149 3658 266 3731 rationi,
290 3659 340 3737 qui
363 3658 592 3738 orthographica
614 3666 643 3717 et
657 3657 787 3736 volgaria
809 3658 916 3717 menda
933 3656 1093 3718 subnotare
1115 3666 1223 3718 cuncta

149 3761 308 3835 noluimus,
332 3762 465 3823 officiose
480 3780 514 3822 ac
528 3759 690 3820 liberaliter
704 3760 774 3820 mihi
799 3759 914 3820 obtulit.
951 3760 987 3820 de
1004 3759 1133 3839 Pigitur
1147 3778 1223 3838 quac

148 3863 243 3924 lahnii
273 3863 451 3925 testimoniis
480 3863 593 3924 adiecta
622 3870 693 3922 sunt
721 3872 771 3923 aut
800 3861 940 3936 detracta,
970 3863 1074 3923 Beerio
1105 3871 1224 3940 accepta

149 3967 256 4028 refero.
745 3968 747 3972 ’
