2656 4440
157 209 224 294 1'04'
605 235 777 289 rvvnulns

155 410 308 472 intervos
330 409 470 490 quotiens
492 408 727 487 libertorumque
749 409 902 469 cohortem

155 514 255 576 pugna
279 495 444 575 Saguntina
467 494 560 555 fervet
582 494 737 556 commissa
763 494 880 573 lagona.

157 581 220 660 ipsc
243 581 378 661 capillato
402 579 542 640 diffusum
565 579 688 640 consule
710 587 793 658 potat

158 667 360 745 calcatamque
383 674 465 726 tenet
487 664 572 726 bellis
594 664 752 726 socialibus
774 681 858 725 uvam

157 752 291 813 cardiaco
315 768 478 829 numquam
501 750 638 830 cyathum
662 748 806 811 missurus
828 749 941 823 amico;

156 854 220 898 cras
245 836 329 898 bibet
351 836 471 897 Albanis
493 835 603 915 aliquid
626 836 662 896 de
686 833 838 895 montibus
860 844 911 894 aut
932 835 969 895 de

159 922 279 996 Setinis,
303 922 387 983 cuius
409 920 532 1000 patriam
555 920 734 998 titulumque
756 928 895 980 senectus

158 1007 263 1068 delevit
285 1006 376 1068 multa
399 1007 505 1067 veteris
527 1005 650 1082 iuligine
672 1013 774 1077 testae,

157 1092 242 1171 quale
265 1091 400 1152 coronati
422 1090 552 1152 Thrasea
575 1089 784 1168 Helvidiusque
807 1087 949 1148 bibebant

159 1177 321 1238 Brutorum
344 1185 372 1236 et
395 1175 474 1237 Cassi
497 1175 653 1236 natalibus.
697 1176 761 1254 ipse
784 1191 906 1253 capaces

156 1261 310 1322 Heliadum
334 1271 448 1322 crustas
470 1268 500 1322 et
521 1261 694 1339 inaequales
716 1258 831 1320 berullo

158 1346 243 1407 Virro
266 1356 350 1407 tenet
371 1346 498 1426 phialas:
522 1345 575 1406 tibi
598 1365 660 1406 non
684 1344 880 1406 committitur
902 1361 1017 1415 aurum,

156 1431 202 1492 vel
225 1432 249 1493 si
272 1431 391 1509 quando
415 1431 510 1505 datur,
533 1439 633 1493 custos
655 1431 767 1492 adlisus
789 1429 909 1503 ibidem,
1204 1435 1233 1487 4ο

157 1516 208 1595 qui
233 1525 371 1577 numeret
393 1534 533 1595 gemmas,
557 1534 672 1594 ungues
695 1515 830 1576 observet
852 1523 964 1575 acutos.

160 1602 196 1661 da
218 1601 344 1673 veniam,
368 1602 517 1680 praeclara
540 1601 582 1661 illi
604 1602 740 1662 laudatur
762 1600 868 1678 iaspis;

157 1705 227 1747 nam
251 1686 346 1759 Virro,
370 1695 403 1747 ut
424 1687 518 1760 multi,
542 1704 673 1765 gemmas
696 1685 731 1746 ad
754 1685 860 1765 pocula
882 1685 1024 1744 translert

160 1789 176 1830 a
199 1771 307 1849 digitis,
330 1771 455 1849 quasin
479 1772 601 1852 vaginae
624 1772 723 1832 lronte
746 1769 858 1832 solebat

156 1875 270 1936 ponere
294 1856 430 1937 zelotypo
453 1856 567 1918 iuvenis
590 1857 738 1936 praelatus
759 1855 871 1915 Iarbae.
1205 1861 1234 1910 tt

243 2063 281 2120 29
304 2062 395 2119 civitas
421 2061 572 2136 Hispaniae,
595 2063 622 2116 in
649 2061 725 2117 cuius
752 2059 889 2117 territorio
916 2058 1013 2115 malum
1037 2056 1125 2113 vinum
1147 2055 1234 2112 nasci-

159 2155 213 2202 tur.
324 2148 363 2205 32
386 2147 458 2203 unde
480 2163 627 2220 numquam
650 2146 734 2202 amico
758 2145 799 2202 vel
824 2144 976 2202 cordolenti
997 2142 1131 2199 modicum
1153 2140 1235 2198 dabit.

244 2233 282 2290 34
306 2233 342 2289 ita
364 2241 455 2296 vetus,
481 2239 511 2288 ut
536 2248 593 2288 non
615 2230 701 2304 possit
721 2247 773 2287 nec
794 2247 826 2287 ex
847 2228 1076 2303 superscriptione
1097 2227 1233 2300 cognosci,

157 2317 251 2390 quanti
273 2316 308 2373 sit
329 2317 466 2391 temporis.
597 2318 636 2375 36
656 2305 804 2397 ‘llelvidius
827 2324 889 2389 post
911 2313 1115 2376 damnationem,
1139 2321 1170 2368 ut
1192 2313 1234 2368 in-

156 2401 218 2476 quit
238 2401 352 2466 Probus,
387 2402 474 2459 soceri
500 2402 572 2458 Paeti
598 2401 729 2458 Thraseae
762 2400 900 2457 interdicta
934 2399 984 2456 sibi
1016 2398 1087 2455 ltalia
1118 2396 1233 2471 bpollo-

156 2487 227 2542 niam
255 2488 404 2552 concessit,
433 2488 480 2544 sed
510 2496 572 2562 post
600 2485 771 2543 interiectum
792 2486 926 2543 Neronem
954 2485 1094 2541 restitutus
1116 2501 1131 2539 a
1154 2481 1234 2538 Galba

155 2588 210 2628 non
240 2571 317 2629 aliter
338 2589 418 2647 quam
440 2571 526 2630 libero
550 2572 661 2629 civitatis
683 2580 754 2628 statu
776 2572 839 2646 egit.
861 2571 906 2628 hic
928 2579 982 2626 tam
1003 2569 1152 2626 industrius
1175 2568 1234 2641 luit,

156 2666 187 2713 ut
209 2674 270 2713 cum
292 2658 343 2714 sub
364 2659 471 2716 Nerone
486 2658 610 2715 Achaiam
632 2666 760 2732 quaestor
781 2656 985 2720 administraret,
1009 2655 1125 2711 civitates
1148 2670 1234 2726 quae-

158 2742 218 2798 dam
241 2758 308 2815 quas
331 2759 387 2798 non
408 2743 508 2799 adierat
529 2741 703 2800 inclamarent
724 2745 778 2803 ναὶ
798 2736 890 2820 queit>
913 2741 1046 2820 πρέπον.
1071 2739 1114 2796 hic
1142 2749 1235 2813 posita

158 2826 347 2899 Vespasianum
376 2827 411 2882 ita
441 2826 530 2882 studio
560 2825 689 2883 libertatis
718 2825 845 2897 offendit,
876 2836 909 2883 ut
935 2834 1043 2900 putaret
1069 2825 1095 2881 id
1124 2834 1235 2898 optante

159 2909 292 2966 avunculo
316 2909 424 2966 Claudio
448 2909 498 2983 [aa
519 2926 534 2966 a
556 2910 637 2984 vulgo
660 2910 793 2984 Elvidiot]
822 2911 963 2986 pristinum
985 2910 1114 2967 libertatis
1136 2919 1235 2966 statum

156 3011 237 3068 posse
265 2993 394 3051 revocari.
423 3011 478 3068 quo
506 2995 614 3051 nomine
642 3013 705 3053 reus
735 3013 766 3052 ac
794 3005 902 3070 praeter
922 3013 997 3069 spem
1019 2993 1160 3051 absolutus
1182 2984 1231 3052 est'

162 3078 255 3138 Vatia.
344 3081 383 3139 aa
404 3068 444 3136 ‘u
468 3080 626 3154 quibusdam
649 3091 690 3137 est
711 3081 857 3143 nerianum,
880 3090 908 3137 et
928 3081 964 3136 ita
986 3079 1051 3154 regn
1066 3079 1180 3143 erotus,
1203 3091 1234 3135 ut

157 3164 190 3221 ad
212 3164 278 3221 illud
300 3164 402 3222 alludat
424 3165 594 3239 virgilianum
618 3163 696 3239 [dec.
725 3169 756 3237 l,
786 3164 859 3238 729]
879 3155 1064 3239 ‘implevitque
1086 3179 1159 3220 mero
1182 3180 1234 3236 pa-

157 3258 241 3307 teram
263 3267 316 3323 qua
338 3250 416 3306 belus
438 3259 465 3308 et
486 3267 578 3307 omnes
600 3266 614 3305 a
639 3250 699 3306 belo
722 3237 805 3307 soliti'
839 3249 931 3308 Vallo.
1020 3250 1059 3306 38
1081 3247 1233 3320 inaequales

160 3334 274 3392 berullo.
298 3334 372 3391 liolas
395 3353 426 3392 er
448 3335 558 3409 gemmis
580 3334 674 3392 iactas.
791 3338 828 3392 41
854 3336 900 3408 qui
921 3341 1044 3390 numerat
1066 3349 1191 3404 gemmas.
1211 3335 1234 3390 si

159 3419 206 3476 tibi
233 3422 293 3477 data
314 3420 397 3478 luerit
417 3420 497 3487 liola,
527 3421 638 3496 ponitur
660 3420 706 3494 qui
728 3430 754 3476 te
777 3429 804 3476 et
825 3419 971 3491 custodiat,
1001 3435 1035 3474 ne
1057 3435 1088 3474 er
1109 3417 1167 3492 ipsa
1189 3430 1235 3476 aut

158 3522 288 3579 gemmam
309 3506 396 3580 rapias
419 3515 467 3563 aut
488 3507 520 3563 de
541 3503 678 3580 unguibus
699 3521 795 3561 aurum
812 3504 898 3561 radas.
986 3504 1025 3561 43
1048 3503 1142 3560 calices
1157 3521 1235 3578 gem-

157 3598 243 3646 matos
265 3590 336 3648 lacit.
425 3595 463 3650 45
487 3591 574 3666 ligura
597 3590 746 3666 diasyrtica.
768 3598 800 3646 ut
821 3589 913 3664 Virgil.
937 3586 1016 3664 [teo.
1040 3593 1075 3655 4,
1103 3589 1186 3664 2611.
1208 3590 1234 3646 id

157 3684 199 3731 est
225 3676 290 3732 tales
312 3693 430 3750 gemmas
451 3677 532 3734 mittit
553 3677 580 3732 in
603 3675 742 3739 calicibus,
772 3674 864 3749 quales
886 3674 990 3731 solebat
1012 3677 1116 3732 deneas
1137 3676 1164 3731 in
1186 3691 1234 3731 va-

244 3856 276 3910 38
291 3855 424 3910 helladam
442 3858 466 3907 Ρ
541 3856 641 3909 berullo
659 3858 690 3909 P:
709 3855 815 3909 berillos
829 3872 849 3921 p
919 3858 952 3910 39
969 3856 1069 3924 phialas
1087 3859 1138 3909 Ps
1155 3873 1235 3923 cuper

159 3923 273 3988 adiecta,
290 3930 323 3976 ut
339 3928 444 3991 opinor,
462 3941 546 3976 manu
563 3925 654 3976 eadem
740 3928 770 3977 41
792 3927 891 3987 acutos]
909 3926 959 3977 mic
975 3931 1187 3994 superscriptum
1205 3929 1234 3976 in

158 3993 214 4044 Pi.
233 3992 330 4045 amicos
400 3996 433 4046 42
452 3994 506 4046 illic
523 3994 642 4046 laudatur
656 4009 675 4062 p
745 3995 778 4046 43
798 3999 824 4046 et
842 4009 912 4045 corr.
930 3997 959 4045 tn
976 3997 1046 4046 vtP
